1968 3268
113 100 195 139 390
379 118 382 121 -
855 98 975 143 caput
998 97 1062 132 1x.

101 214 295 260 poterat.*)
319 233 364 239 —
387 214 436 247 Et
455 215 614 257 primum
645 212 787 255 quidem
809 213 907 245 intus
929 213 969 244 in
992 211 1172 255 diptychis
1203 210 1346 244 videtur
1373 211 1509 254 scripta
1533 221 1606 244 esse
1625 212 1704 254 ipsa
1727 220 1810 244 con-

102 274 243 305 stitutio
270 281 350 305 cum
373 272 515 303 nomine
530 270 700 311 veterani,
724 270 946 301 ewa-insecus
969 269 1116 301 nomina
1131 269 1359 310 signatorum
1381 276 1461 300 cum
1475 269 1562 300 nota
1587 265 1808 308 testificante,

104 329 144 362 id
159 328 256 372 quod
269 329 368 360 intus
383 328 555 369 scriptum
572 328 670 365 esset,
688 324 904 367 descriptum
920 334 993 356 esse
1005 335 1051 356 ea:
1067 323 1189 357 tabula
1197 323 1340 367 publice
1356 325 1396 356 in
1411 323 1586 366 Capitolio
1602 323 1658 356 vel
1668 322 1809 357 Palatio

98 386 300 428 proposita.
330 383 401 417 Sed
415 385 522 416 huius
534 384 680 425 generis
696 381 949 424 diptychorum
965 390 1077 413 unum
1093 383 1233 413 tantum
1247 383 1419 424 superest,
1433 390 1507 413 non
1523 380 1809 423 antiquissimum

103 450 226 473 eorum
256 450 346 482 quae
369 442 497 472 eoetant
525 438 589 471 sed
611 440 705 470 certe
734 448 780 470 ex
811 438 1095 479 antiquioribus,
1123 436 1168 470 N.
1191 437 1286 471 4994.
1341 435 1483 470 Mature
1511 437 1606 470 enim
1636 438 1676 469 in
1705 446 1810 470 usum

105 498 240 529 venisse
264 495 422 537 videtur,
452 498 494 528 ut
525 495 566 527 id
593 494 690 537 quod
718 495 817 526 intus
848 495 1022 536 scriptum
1056 496 1159 535 esset,
1191 494 1299 526 etiam
1329 495 1551 526 extrinsecus
1579 495 1808 536 repeteretur,

105 555 182 586 sine
206 552 313 584 dubio
338 562 378 584 eo
404 551 553 584 consilio
577 554 619 583 ut
642 551 751 584 etiam
779 560 852 583 non
883 551 1077 591 resignatis
1109 549 1240 582 tabulis
1271 549 1360 592 quid
1388 551 1488 582 intus
1517 550 1690 592 scriptum
1723 554 1811 582 esset

107 608 385 650 intellegeretur.
439 607 496 640 Ita
518 605 657 646 factum
687 609 739 639 est
770 609 812 639 ut
835 606 1094 648 plerarumque
1125 607 1421 639 constitutionum
1450 606 1660 649 apographa
1683 606 1811 639 habea-

105 675 183 698 mus
207 665 288 705 duo,
314 665 465 697 alterum
485 665 727 707 perscriptum
750 664 973 696 extrinsecus
997 665 1036 694 in
1060 662 1221 706 diptychi
1243 672 1328 705 pag.
1351 663 1369 696 4
1395 662 1452 695 vel
1470 663 1507 703 4,
1537 662 1691 696 alterum
1713 663 1811 695 intus

103 724 142 754 in
163 731 247 764 pag.
272 722 295 755 2
327 723 363 753 et
384 721 410 754 5
440 719 495 763 (in
526 720 643 753 altera
674 722 810 762 pagina
844 720 1023 751 exteriore
1052 719 1165 752 incidi
1195 718 1355 752 solebant
1385 721 1532 752 nomina
1552 719 1809 763 signatorum).

106 780 221 820 Atque
232 788 343 820 usque
356 777 404 810 ad
415 780 574 820 tempora
588 775 739 809 Traiani
750 779 940 818 utrumque
953 776 1201 818 apographum
1207 777 1295 818 pari
1308 785 1396 808 cura
1405 778 1595 809 exaratum
1607 779 1668 817 est,
1676 775 1811 809 scilicet

103 836 189 877 pari
213 844 301 867 cura
325 834 518 876 repetitum
542 844 588 865 ex
612 833 808 876 archetypo
835 831 1037 875 Capitolino
1061 832 1117 864 vel
1131 832 1298 865 Palatino
1306 844 1320 873 ,·
1342 831 1405 864 sed
1426 833 1642 875 temporibus
1661 831 1812 866 Traiani

104 892 285 933 scriptura
306 892 470 930 interior,
495 899 586 932 quae
602 900 682 922 vere
701 890 822 922 debuit
838 899 907 921 esse
919 889 1113 931 primaria,
1137 888 1382 931 neglegentius
1398 887 1529 929 confici
1551 889 1685 931 coepit,·
1707 897 1811 921 voca-

105 947 187 980 bula
205 949 298 979 enim
309 947 446 989 passim
461 947 695 988 reperiuntur
712 956 785 978 non
801 947 865 985 ita,
873 946 1077 988 perscripta
1093 947 1135 977 ut
1150 947 1255 977 erant
1273 946 1312 977 in
1336 946 1543 988 archetypo,
1566 944 1630 978 scd
1642 945 1811 978 inchoata

102 1004 231 1046 paucis
247 1005 388 1036 tantum
405 1002 535 1035 litteris
546 1004 771 1045 perscriptis,
798 1002 938 1034 litterae
962 1004 1081 1033 autem
1105 1002 1158 1033 ita
1182 1001 1400 1044 inconditae,
1423 1004 1465 1034 ut
1485 1003 1550 1035 vioe
1574 1001 1646 1044 legi
1669 1005 1809 1044 queant,

103 1059 285 1098 interdum
298 1060 371 1101 legi
386 1060 531 1092 omnino
544 1061 742 1101 nequeant,·
755 1069 827 1091 non
837 1067 955 1101 pauca
969 1057 1130 1100 denique,
1141 1068 1232 1100 quae
1243 1060 1361 1090 minus
1376 1059 1576 1091 necessaria
1591 1058 1811 1099 videbantur,

104 1118 143 1149 in
158 1117 339 1158 scriptura
356 1117 529 1148 interiore
547 1117 691 1148 omnino
709 1117 837 1148 omissa
853 1118 946 1147 sunt.
987 1115 1087 1146 Hanc
1102 1115 1144 1146 ob
1161 1123 1305 1147 causam
1321 1112 1422 1153 infra
1438 1113 1483 1148 Ν.
1505 1116 1595 1148 2005
1603 1126 1672 1157 seq.
1697 1115 1810 1148 solam

104 1174 321 1215 scripturam
354 1174 567 1205 exteriorem
590 1172 858 1215 repraesentavi
882 1170 1012 1213 (solum
1035 1172 1075 1203 in
1099 1171 1149 1202 eis
1174 1170 1362 1213 diptychis,
1387 1181 1478 1213 quae
1501 1181 1574 1205 non
1595 1172 1739 1213 integra
1763 1172 1813 1204 ad

104 1240 169 1262 nos
188 1232 438 1272 pervenerunt,
462 1231 679 1271 scripturam
695 1228 923 1269 exteriorem,
947 1228 1011 1259 ubi
1036 1237 1123 1269 opus
1138 1230 1216 1259 erat
1239 1230 1273 1259 et
1288 1228 1351 1259 ubi
1373 1227 1456 1268 fieri
1474 1230 1629 1271 poterat,
1651 1227 1812 1270 supplevi

103 1297 150 1319 ea:
173 1273 374 1326 interiore).
425 1284 663 1328 (Diocletiani
686 1287 801 1318 aetate
825 1283 1007 1316 interdum
1038 1285 1077 1315 in
1101 1284 1156 1316 his
1186 1283 1366 1327 diptychis
1388 1294 1515 1317 rursus
1542 1284 1650 1317 semel
1672 1278 1809 1317 tantum

105 1344 394 1375 constitutionem
412 1343 653 1385 perscriptam
677 1352 748 1373 esse
778 1340 917 1373 videtur
949 1338 1131 1372 ostendere
1161 1339 1290 1372 tabella
1323 1350 1433 1373 aenea
1457 1340 1553 1374 edita
1584 1341 1643 1374 ΙΙΙ
1666 1351 1704 1385 p.
1734 1343 1810 1382 900,

103 1398 156 1432 IX
182 1398 264 1439 264,
305 1408 378 1431 non
417 1408 552 1441 semper
582 1399 623 1431 id
662 1396 801 1437 factum
840 1408 912 1429 esse
950 1396 1103 1429 ostendit
1134 1395 1208 1428 alia
1247 1395 1375 1429 tabella
1407 1397 1563 1430 eiusdem
1598 1398 1728 1431 aetatis
1758 1397 1816 1431 [II

100 1467 136 1498 p.
167 1457 247 1497 900,
279 1454 314 1487 Χ
341 1454 458 1495 4445.)
510 1455 775 1498 Diptychorum
805 1464 895 1496 quae
931 1453 979 1485 ad
1010 1463 1075 1485 nos
1103 1456 1344 1496 peruenerunt
1371 1452 1544 1497 pleraque
1574 1456 1735 1497 spectant
1764 1455 1814 1488 ad

102 1514 286 1544 veteranos
316 1522 362 1544 ea:
394 1511 463 1544 alis
495 1512 743 1544 cohortibusve
773 1510 984 1543 auxiliariis
1016 1508 1079 1552 (eat
1108 1508 1209 1549 infra
1234 1510 1337 1542 edilis
1367 1508 1411 1543 Ν.
1434 1509 1531 1545 4987.
1559 1510 1658 1545 4992.
1681 1511 1811 1546 4995-

101 1570 220 1610 2006),
241 1568 352 1600 multo
377 1569 495 1600 minor
518 1577 642 1600 eorum
667 1570 719 1600 est
741 1577 910 1600 numerus
927 1576 1018 1609 quae
1040 1569 1202 1608 spectant
1225 1566 1273 1599 ad
1295 1567 1498 1600 classiarios
1521 1566 1582 1608 (Ν.
1597 1567 1693 1602 4986.
1717 1567 1812 1602 4990.

103 1625 217 1668 4994),
237 1626 413 1668 pauciora
438 1625 547 1657 ctiam
562 1627 724 1667 spectant
746 1624 795 1656 ad
809 1623 941 1656 milites
959 1625 1050 1655 cives
1071 1622 1257 1665 Romanos,
1281 1626 1404 1655 missos
1422 1634 1469 1656 ex
1485 1624 1688 1657 cohortibus
1708 1635 1813 1668 prae-

104 1684 209 1715 toriis
237 1683 428 1715 urbanisve
460 1680 519 1721 (N.
550 1682 649 1714 4995.
674 1681 767 1714 4994.
791 1681 890 1714 2007.
914 1681 1015 1713 2008.
1039 1679 1161 1724 2040),
1190 1690 1302 1712 unum
1334 1679 1382 1712 ad
1411 1682 1562 1722 equitem
1592 1682 1814 1723 singularem

104 1739 262 1781 Augusti
286 1738 346 1779 (Ν.
369 1738 496 1782 2009),·
529 1737 752 1779 legionariis,
785 1738 818 1768 si
849 1739 1032 1779 exceperis
1062 1737 1193 1769 milites
1217 1737 1397 1779 legionum
1417 1737 1557 1779 primae
1580 1739 1616 1769 et
1637 1732 1814 1770 secundae

103 1795 332 1828 Adiutricum
357 1795 575 1836 conscriptos
599 1805 645 1826 ecc
668 1794 827 1826 classicis
853 1792 915 1835 (N.
938 1793 1033 1826 4988.
1058 1793 1173 1836 4989),
1196 1792 1295 1825 nulla
1320 1792 1516 1835 diplomata
1543 1794 1650 1826 huius
1667 1794 1814 1835 generis

104 1852 188 1884 data
213 1862 285 1883 esse
309 1851 485 1883 videntur.
503 1869 548 1874 —
564 1850 746 1894 Diptycha
771 1852 914 1892 reperta
931 1859 1041 1891 usque
1066 1850 1113 1881 ad
1133 1859 1267 1882 annum
1291 1849 1377 1882 4872
1401 1859 1550 1882 numero
1574 1850 1814 1892 quingaginta

103 1910 182 1940 octo
200 1907 311 1939 edidit
328 1909 362 1938 et
376 1906 572 1939 illustravit
588 1906 779 1939 Mommsen
798 1906 873 1949 (III
883 1917 918 1949 p.
935 1907 999 1938 844
1008 1909 1115 1948 seq.),·
1139 1917 1228 1948 quae
1245 1908 1470 1938 accesserunt
1483 1916 1594 1949 usque
1608 1906 1659 1939 ad
1679 1917 1712 1940 a.
1727 1906 1813 1940 4884

103 1973 251 1996 numero
283 1962 386 1996 XXII
413 1964 473 2002 (--
498 1963 656 2006 LXXX),
686 1962 799 1995 edidit
828 1963 922 1995 idem
954 1963 1045 2004 Eph.
1069 1963 1093 1996 2
1121 1972 1158 2004 p.
1182 1963 1367 2002 452-466,
1391 1963 1412 1995 4
1441 1973 1477 2005 p.
1498 1962 1681 1997 484-487.
1702 1964 1812 1996 493-—

105 2019 183 2053 545.
206 2021 228 2052 ὅ
248 2009 285 2062 p.
301 2019 468 2052 92-400.
491 2019 670 2052 odo-647.
694 2017 773 2060 652,
798 2019 853 2051 his
876 2018 1013 2051 ultimis
1037 2020 1141 2051 annis
1164 2022 1319 2062 reperta,
1343 2029 1490 2052 numero
1514 2029 1584 2052 non
1606 2020 1726 2052 minus
1748 2029 1814 2051 un-

105 2076 230 2118 decim,
252 2075 345 2108 idem
362 2075 524 2108 editurus
540 2078 591 2108 est
607 2078 645 2107 in
664 2075 698 2108 0.
716 2075 742 2107 J.
769 2074 809 2108 L.
827 2075 884 2107 III
895 2075 1146 2117 supplemento.
1178 2075 1358 2118 Imagines
1374 2076 1626 2120 diptychorum
1641 2075 1816 2108 dederunt

102 2132 218 2174 multi,
229 2132 433 2173 multorum,
451 2142 559 2174 eaque
577 2134 705 2175 optime
717 2130 828 2171 facta,
849 2126 1322 2171 Arneth‘ch'ilfro'mische
1335 2125 1645 2175 Militiirdiplome’
1663 2131 1814 2175 (Vindo—

106 2190 217 2221 bonae
233 2188 348 2229 4845),
373 2190 456 2221 item
472 2187 543 2221 Leo
560 2187 689 2221 Renier
707 2188 798 2220 libro
816 2189 988 2231 inscripto
1001 2183 1162 2221 ‘Recueil
1176 2189 1219 2221 dc
1242 2189 1411 2231 diplomes
1434 2182 1640 2221 militaires’
1664 2188 1762 2231 (livr.
1784 2187 1814 2229 1,

107 2245 221 2277 Paris.
245 2244 357 2288 4876).

218 2358 251 2399 *)
278 2356 502 2397 Conferenda
520 2361 603 2390 sunt
622 2368 713 2400 quae
727 2358 820 2390 iuris
837 2359 1002 2390 auctores
1013 2360 1275 2400 praeceperunt
1291 2357 1333 2389 de
1348 2356 1538 2399 signandis
1553 2356 1685 2390 tabulis
1707 2359 1813 2389 testa-

106 2416 218 2446 menti
241 2414 399 2456 aliisque.
443 2415 574 2447 Paulus
593 2417 680 2447 sent.
696 2415 731 2456 ὅ,
753 2414 812 2455 25,
835 2415 876 2447 6:
895 2408 1150 2457 ‘amplissimus
1173 2413 1262 2447 ordo
1279 2412 1442 2453 decrevit,
1467 2423 1526 2445 eas
1549 2411 1698 2452 tabulas,
1721 2421 1812 2455 quae

106 2470 243 2513 publici
268 2471 321 2503 cel
340 2472 477 2512 privati
502 2473 708 2503 contractus
730 2472 948 2513 scripturam
972 2472 1173 2512 continent,
1203 2470 1373 2502 adhibitis
1404 2470 1546 2502 testibus
1575 2469 1629 2501 ita
1659 2469 1814 2510 signari,

108 2529 151 2559 ut
172 2527 210 2558 in
233 2530 371 2558 summa
394 2527 571 2568 marginis
604 2526 652 2558 ad
673 2526 825 2558 mediam
849 2530 988 2569 partem
1010 2524 1220 2569 perforatae
1243 2525 1379 2568 triplici
1403 2526 1476 2557 lino
1507 2526 1814 2567 constringantur,

109 2585 215 2624 atque
231 2583 418 2625 impositae
440 2592 550 2624 supra
569 2582 682 2614 linum
699 2593 801 2615 cerae
817 2584 922 2624 signa
946 2583 1213 2624 imprimantur,
1236 2585 1279 2614 ut
1300 2582 1476 2614 eoeteriori
1489 2582 1691 2624 scripturae
1707 2580 1813 2621 fidem

1450 2637 1488 2644 ,ιψ

111 2639 266 2671 interior
288 2640 422 2678 servet;
446 2637 554 2670 aliter
579 2638 719 2670 tabulae
740 2639 908 2681 prolatae
930 2639 1023 2671 nihil
1044 2640 1212 2671 momenti
1235 2631 1386 2670 habent?
1448 2649 1511 2681 gg,
1531 2675 1534 2679 ¹

222 2783 337 2829 1986
381 2785 439 2825 Ti.
472 2785 653 2826 Claudius
695 2785 836 2824 Caesar
874 2788 1074 2837 Augustus
1111 2785 1389 2834 Germanicus,
1427 2786 1604 2838 pontifex
1642 2747 1811 2834 υἱεῖ-ἑξ,

108 2854 200 2893 trib.
231 2859 424 2906 potestate
454 2852 561 2901 XII¹,
591 2854 730 2905 imper.
753 2852 902 2901 XXVII,
924 2860 1035 2904 pater
1055 2854 1216 2905 patriae,
1238 2865 1392 2900 censor,
1414 2866 1493 2893 cos.
1516 2854 1556 2899 V,
1588 2853 1812 2892 trierarchis

110 2926 149 2959 et
185 2921 420 2973 remigibus,
461 2924 527 2972 qui
557 2920 821 2960 militaverunt
850 2920 889 2966 in
930 2921 1071 2968 classe,
1113 2932 1211 2971 quae
1248 2926 1307 2960 est
1336 2920 1475 2961 Miseni
1512 2920 1585 2960 sub
1622 2919 1680 2959 Ti.
1711 2919 1811 2959 lulio

112 2987 277 3039 Augusti
316 2988 383 3027 lib.
416 2988 594 3039 Optato2,
634 2994 672 3027 et
701 2993 796 3027 sunt
826 2987 972 3027 dimissi
1003 2988 1167 3027 honesta
1197 2987 1405 3035 missione,
1443 2990 1612 3038 quorum
1652 2987 1811 3027 nomina
