1968 3268
0 2549 13 3064 ‡·=rr»·‹*÷‹w-w÷=qn-Wv-‹I*vv-uw-:wmvav
0 2529 2 2534 -
0 2468 6 2515 -ψμ,

767 188 882 226 Tituli
904 187 1092 225 militares.
1700 182 1783 224 511

359 318 476 358 quem
507 319 638 358 neque
666 305 870 346 Romanus
898 305 1029 358 potuit
1058 316 1134 345 nec
1161 303 1352 344 barbarus
1379 314 1554 355 unquam

361 386 440 413 non
471 374 598 414 iaculo
626 375 751 423 miles,
781 387 864 414 non
894 386 990 414 arcu
1018 374 1178 413 vincere
1208 372 1394 412 Parthus:

358 441 424 481 hio
451 442 562 490 situs,
591 442 657 482 hic
686 442 850 482 memori
879 454 972 489 saxo
1003 454 1088 481 mea
1117 441 1219 481 facta
1248 439 1409 480 sacravi.

359 509 508 549 Viderit
535 522 639 550 anne
668 510 810 561 aliquis
837 516 929 562 post
957 521 1022 549 me
1050 521 1138 550 mea
1164 509 1266 548 facta
1295 513 1497 560 sequatur,

358 577 550 630 Exemplo
579 578 675 618 mihi
703 590 791 618 sum
821 578 972 630 primus
1002 577 1071 629 qui
1098 576 1188 616 talia
1217 576 1334 628 gessi.

177 642 357 676 Incertum
373 654 443 686 quo
460 645 538 677 loco
553 645 609 678 vel
623 645 765 687 quando
781 645 970 687 descripta,
985 644 1048 677 sed
1062 646 1145 676 ante
1158 653 1250 676 saec.
1267 641 1337 676 IX.-
1360 641 1497 684 legitur
1510 643 1552 674 in
1568 640 1688 685 codice
1704 650 1794 683 quo-

88 698 171 731 dam
184 700 319 742 scripto
341 711 432 734 saec.
449 701 503 735 IX
518 702 770 736 Valenciennes
785 702 972 734 adservato
995 702 1084 734 etin
1108 701 1192 733 aliis
1215 699 1394 733 codicibus
1418 698 1661 742 compluribus
1682 697 1793 729 medii

88 756 179 798 aevi,
194 757 279 788 item
293 758 390 790 inter
404 759 656 801 inscriptiones
671 758 806 791 Daciae
819 759 859 791 in
875 757 995 791 codice
1006 757 1203 790 Ferrarini
1213 755 1395 799 Regiensis
1408 765 1498 789 saec.
1511 754 1588 797 XV,
1601 753 1697 787 unde
1706 756 1794 797 post

90 811 186 846 alios
208 813 400 846 ediderunt
414 814 608 847 Mommsen
634 815 668 848 C.
694 815 851 848 1113676
874 813 922 854 cl:
944 824 979 857 p.
996 814 1082 847 4042
1090 827 1105 855 ,-
1126 813 1183 847 Al.
1205 811 1307 846 Riese
1329 813 1463 846 anthol.
1486 811 1567 846 Lat.
1589 821 1623 843 n.
1647 811 1729 851 66ος
1752 809 1797 843 de

88 868 192 903 Rom·
212 871 322 904 inscr.
346 871 421 904 chr.
438 871 474 903 II
495 871 514 904 4
537 882 572 914 ρ.
587 872 667 914 260,
687 873 722 905 2.
766 872 909 904 Partem
931 872 1180 913 inscriptionis
1195 880 1308 913 prosa
1332 871 1495 902 oratione
1515 870 1699 911 scriptam,
1722 877 1795 910 qua

89 936 217 960 nomen
239 927 367 960 militis
388 930 561 970 scriptum
585 927 697 967 fuisse
715 928 916 970 putandum
946 930 1016 969 est,
1046 929 1198 970 apparet
1228 927 1393 959 omissam
1424 937 1496 958 esse
1527 937 1550 958 a
1574 925 1796 967 descriptore

91 976 253 1026 (militis
283 983 417 1017 Sorani
424 978 435 993 '
464 984 560 1027 quod
588 985 809 1028 adscriptum
839 987 892 1017 est
919 986 959 1017 in
991 984 1172 1017 codicibus
1201 982 1521 1026 Montispessulano
1549 991 1639 1015 saec.
1663 980 1735 1014 XII
1761 983 1798 1012 et

90 1040 286 1073 Parisiensi
314 1051 406 1074 saec.
434 1040 538 1081 XIII,
567 1051 641 1074 non
663 1041 852 1084 intelleg05
883 1041 994 1074 militi
1020 1050 1149 1073 nomen
1180 1038 1294 1079 fuisse
1318 1040 1457 1074 Sorano
1488 1049 1563 1072 non
1590 1038 1726 1082 credo).
1750 1055 1794 1061 -

76 1097 127 1138 71)
149 1096 251 1130 Miles
272 1095 398 1136 fuerat
420 1098 578 1130 cohortis
599 1098 822 1130 Batavorum
844 1097 1051 1131 milliariae.
1075 1116 1119 1120 —
1144 1098 1177 1135 2)
1203 1095 1256 1136 Gt:
1281 1097 1351 1129 Dio
1373 1098 1427 1138 69,
1448 1098 1481 1130 9.

203 1163 317 1211 2559
360 1166 559 1207 Marcinus
596 1167 799 1221 Surgconis
835 1169 862 1207 f.
892 1167 1090 1215 Breucus,
1124 1165 1131 1221 Ι
1157 1166 1238 1206 mil.
1270 1179 1317 1206 ex
1347 1167 1435 1206 coh.
1467 1163 1587 1218 Vl111
1621 1164 1795 1213 Breuc.¹,

92 1245 186 1273 ann.
216 1232 366 1281 XXXV,
394 1233 401 1288 Ι
427 1235 517 1287 stip.
546 1234 631 1282 XII,
662 1236 701 1275 h.
732 1250 764 1276 s.
795 1249 830 1276 e.

210 1301 301 1334 otim
319 1301 464 1342 Cliviae,
490 1303 528 1334 in
537 1312 637 1344 pago
654 1303 782 1335 Birten
806 1303 992 1336 dicebatur
1007 1304 1161 1344 reperta,
1184 1311 1282 1334 nunc
1296 1300 1445 1334 Bonnae
1469 1299 1688 1343 (Brambach
1703 1299 1798 1342 459).

92 1375 138 1381 -
170 1359 203 1398 1)
232 1358 401 1391 Eiusdem
430 1359 588 1391 cohortis
618 1359 712 1392 alius
741 1360 840 1392 miles
870 1360 1027 1402 sepultus
1057 1361 1109 1390 est
1140 1358 1308 1391 Coloniae
1335 1358 1562 1400 Agrippinae
1593 1356 1671 1400 (Br.
1693 1357 1798 1395 252).

92 1414 278 1446 Pmeterea
292 1414 335 1446 de
346 1416 415 1447 hac
426 1416 569 1448 cohorte
580 1416 674 1448 nihil
687 1417 855 1448 innotuit.
886 1415 1006 1459 (Aliae
1022 1416 1183 1448 cohortes
1193 1415 1414 1447 Breucorum
1430 1417 1676 1447 memorantur
1686 1423 1797 1456 supra

96 1469 139 1504 Ν.
154 1470 233 1503 575.
249 1470 348 1506 4550.
366 1471 462 1504 4574.
485 1471 586 1505 4598.
600 1473 703 1505 2002.
718 1473 820 1512 2005,
837 1470 937 1511 infra
954 1470 1000 1505 N.
1015 1472 1117 1514 2608,
1132 1475 1167 1503 et
1182 1471 1281 1511 alibi,
1300 1469 1348 1510 cf.
1364 1470 1433 1503 Mo.
1451 1472 1527 1513 eph.
1546 1481 1598 1513 ep.
1613 1472 1637 1504 5
1651 1481 1686 1513 p.
1702 1470 1799 1512 482).

207 1538 322 1584 2560
364 1541 402 1580 d.
432 1554 484 1580 m.
511 1540 517 1595 Ι
545 1541 740 1593 Catavigni
769 1543 775 1593 Ι
810 1542 979 1594 lvomagi
1009 1542 1058 1589 f.‚
1091 1540 1098 1591 1
1123 1541 1235 1580 militi
1266 1524 1799 1593 οοιηιιιΒἯω

95 1617 121 1648 Υ
155 1608 299 1657 Gesati,
326 1607 332 1662 Ι
358 1608 432 1648 vix.
462 1620 554 1648 ann.
585 1608 700 1656 XXV,
727 1607 733 1662 Ι
759 1609 822 1649 sti.
844 1609 906 1658 VI,
937 1606 1142 1662 exercifitus
1162 1608 1345 1655 Raetici¹,
1371 1608 1379 1660 Ι
1405 1608 1597 1648 Paternus
1623 1609 1629 1658 Ι
1654 1608 1694 1647 h.
1714 1608 1741 1647 f.
1763 1620 1800 1647 c.

97 1674 105 1732 Ι
135 1676 393 1717 commilitoni
420 1675 425 1729 Ι
453 1676 665 1716 carissimo.

211 1743 323 1776 Cunei
346 1742 401 1786 (V
418 1743 501 1776 7747
532 1743 623 1775 vidit
645 1742 864 1787 Mommsen).
888 1762 930 1767 -—
959 1745 990 1784 1)
1016 1742 1148 1776 Cohors
1178 1744 1285 1775 tertia
1309 1743 1568 1775 Britannorum
1598 1744 1803 1775 recensetur

97 1801 193 1832 inter·
217 1800 360 1832 auxilia
385 1801 566 1832 exereitus
588 1798 728 1832 Raetici
750 1811 783 1833 a.
808 1800 870 1833 407
896 1799 1022 1842 (mpra
1046 1798 1090 1832 Ν.
1113 1800 1222 1843 2002)
1246 1802 1283 1832 et
1305 1811 1338 1833 a.
1362 1800 1424 1833 466
1447 1798 1511 1840 (εῙζ
1535 1801 1581 1832 ib.
1605 1803 1677 1832 not.
1700 1800 1753 1841 5).

209 1879 322 1926 2561
367 1882 525 1922 Dassius
555 1864 1794 1934 Dafietmm-——esfflus'llmffi
1792 1878 1799 1933 Ι

98 1962 163 1990 an.
190 1949 328 1989 XXXV
357 1949 418 1989 sti.
446 1947 452 2003 Ι
478 1948 576 1996 XVI,
606 1949 645 1987 h.
676 1963 707 1989 s.
738 1962 773 1989 e.

210 2017 326 2059 Aquis
349 2016 532 2048 Mattiacis
556 2015 802 2059 (Wiesbaden)
828 2015 1043 2059 (Brambach
1066 2017 1181 2058 4548).
1204 2035 1249 2042 -
1273 2018 1307 2058 1)
1330 2016 1481 2049 Maezeii
1504 2017 1572 2057 (sic
1592 2015 1804 2058 plerumque

97 2074 283 2114 scribitur)
304 2072 459 2115 populus
482 2072 694 2107 Dalmatiae.

212 2151 328 2197 2562
371 2159 615 2200 (sagittarius)
648 2154 844 2194 Monimus
869 2152 876 2207 Ι
902 2154 1109 2194 lerombali
1138 2155 1178 2202 f.‚
1205 2152 1212 2208 Ι
1238 2154 1318 2194 mil.
1349 2154 1459 2193 chor.
1480 2153 1496 2192 Ι
1522 2153 1529 2206 Ι
1555 2153 1759 2199 Ituraeor„
1793 2153 1797 2202 ἱ

101 2235 194 2263 ann.
225 2222 269 2268 L,
300 2221 390 2273 stip.
421 2221 522 2267 XXI,
548 2219 555 2275 Ι
581 2221 619 2260 h.
650 2235 681 2260 s.
713 2228 782 2261 est.

213 2289 438 2331 Mogontiaci
461 2288 677 2331 (Brambach
700 2288 790 2322 4254
811 2289 929 2329 vidit).

212 2356 327 2403 2563
368 2358 505 2398 Flavos
535 2357 682 2410 Boguti¹
722 2358 747 2397 f.
778 2357 858 2397 mil.
885 2359 891 2410 Ι
927 2358 1014 2397 coh.
1046 2357 1063 2396 I
1093 2357 1241 2404 Luce.²,
1276 2356 1282 2408 Ι
1308 2369 1401 2397 ann.
1431 2356 1566 2404 XXXI,
1594 2355 1601 2408 Ι
1634 2356 1722 2408 stip.
1752 2354 1802 2401 X,

102 2428 206 2468 dom.
233 2425 241 2479 Ι
266 2426 375 2466 Luco
406 2429 518 2476 Aug„
548 2425 587 2464 h.
618 2426 644 2464 f.
676 2438 710 2464 c.
738 2423 743 2476 Ι
770 2425 817 2464 Η.
848 2439 876 2465 s.
909 2437 944 2465 e.

219 2493 260 2526 In
283 2492 468 2525 Dalmatia
483 2502 598 2534 prope
626 2491 750 2535 Tepb'u
776 2492 849 2534 (III
862 2492 898 2526 S.
914 2493 1003 2526 9854
1019 2492 1202 2525 Bor-mann
1225 2492 1317 2524 vidit
1338 2491 1533 2535 ectypum).
1555 2509 1588 2514 —
1618 2492 1650 2531 1)
1665 2488 1803 2522 Nomen

102 2552 142 2583 in
167 2550 282 2583 titulis
308 2549 517 2590 Hispaniae,
541 2547 636 2580 unde
661 2550 836 2589 originem
867 2549 974 2581 dua-it
997 2548 1146 2590 Flavos‚
1176 2551 1317 2592 saepius
1347 2549 1498 2581 obvium.
1530 2567 1572 2571 -—
1603 2548 1637 2587 2)
1670 2546 1803 2579 Cohors

98 2607 221 2649 prima
244 2605 468 2647 Lucensium,
492 2606 637 2636 testibus
660 2605 726 2637 hoc
749 2607 783 2636 et
798 2605 880 2637 aliis
895 2605 1076 2638 nonnullis
1099 2605 1223 2647 titulis,
1246 2615 1336 2638 saec.
1357 2615 1393 2648 p.
1420 2605 1500 2639 Chr.
1521 2605 1639 2647 primo
1663 2602 1805 2635 videtur

104 2662 292 2694 tetendisse
315 2664 353 2694 in
370 2660 567 2700 Dalmatia,
591 2659 637 2700 cl'.
656 2660 860 2700 Hirschfeld
876 2661 911 2695 C.
928 2661 982 2694 III
1006 2661 1041 2695 S.
1061 2672 1098 2704 p.
1115 2661 1215 2702 4476,·
1238 2672 1272 2695 a.
1294 2662 1338 2694 80
1361 2662 1434 2694 iam
1456 2660 1529 2701 suit
1552 2662 1593 2693 in
1616 2659 1801 2693 Pannonia

76 2764 82 2767 ς
106 2717 239 2761 (dipl).
287 2717 340 2749 De
366 2718 510 2750 cohorte
534 2719 659 2760 quinta
684 2717 895 2750 Lucensium
920 2721 954 2750 et
977 2718 1220 2752 Callaceorum
1245 2717 1291 2758 cf.
1315 2729 1424 2761 supra
1449 2717 1495 2751 N.
1518 2717 1613 2751 4987.
1638 2716 1736 2755 4997,
1761 2715 1805 2746 de

105 2775 189 2808 aliis
212 2775 416 2807 cohortibus
439 2774 650 2807 Lucensium
674 2774 732 2807 Mo
756 2775 832 2817 eph.
854 2776 878 2808 5
900 2785 935 2818 p.
959 2775 1032 2809 469.

218 2841 333 2887 2564
376 2844 540 2883 Adiutor
565 2842 573 2897 Ι
598 2843 717 2883 Lauci
748 2845 772 2883 f.
808 2822 1803 2898 l—‹Wm

107 2912 291 2952 niorum²
316 2910 322 2964 Ι
348 2921 370 2951 7
405 2911 525 2958 Bassi,
555 2911 698 2963 stipen.
728 2911 780 2951 xl
805 2910 813 2965 Ι
839 2924 931 2952 ann.
962 2912 1114 2960 XXXII,
1142 2911 1148 2966 Ι
1174 2913 1212 2952 h.
1243 2925 1273 2951 s.
1305 2924 1338 2950 e.

220 2979 407 3022 Aquileiae
438 2989 510 3021 rep.
543 2977 598 3020 (V
621 2980 688 3012 885
717 2979 770 3011 bis
799 2978 1005 3022 descripta).
1038 2998 1082 3004 -—-
1125 2981 1156 3021 1)
1189 2978 1348 3021 Menapii
1373 2975 1529 3020 populus
1558 2974 1734 3017 Belgicae.
1757 2993 1802 2999 —

109 3036 142 3077 2)
171 3035 367 3078 Epitaphia
391 3034 544 3067 militum
569 3035 725 3067 cohortis
748 3036 887 3077 primae
911 3036 1177 3069 Pannoniorum
1202 3036 1390 3078 praeterea
1416 3032 1634 3076 prodierunt
1654 3033 1695 3064 in
1720 3030 1804 3064 Ger·-

108 3092 229 3124 mania
252 3094 435 3134 superiore
460 3091 675 3133 (Brambach
696 3092 770 3125 740.
791 3092 866 3126 745.
890 3091 1004 3134 4549).
