1968 3268
769 82 884 119 Tituli
905 82 1095 118 militares.
1692 70 1777 118 395

179 201 386 245 Diplyelton
410 209 569 241 aeneum,
592 210 672 242 rep.
692 197 913 238 fossionibus
937 196 1260 230 Herculanensibus
1283 207 1316 230 a.
1340 196 1432 239 4746,
1455 198 1508 228 est
1530 194 1686 239 Neapoli
1708 195 1783 236 (ΙΙΙ

63 268 101 302 p.
123 258 199 292 849.
227 256 263 291 Χ
281 256 396 301 4402).
426 275 470 280 -
503 257 535 298 1)
558 256 602 289 Α.
624 255 678 289 70.
707 274 752 280 -
783 256 817 297 2)
843 253 897 295 ef.
928 264 1038 297 supra
1062 252 1107 287 Ν.
1130 253 1219 286 4988
1246 255 1320 287 not.
1343 253 1380 287 2.
1411 271 1456 277 —
1488 252 1523 294 3)
1550 252 1572 285 7
1593 251 1702 286 Mart.
1724 252 1778 288 70.

66 333 110 339 -
133 316 170 356 4)
198 313 343 347 Tabula.
367 332 413 337 —
439 314 473 354 5)
498 312 742 355 significatur
764 312 862 345 Iocus
893 321 962 354 quo
985 310 1127 343 Nervae
1154 320 1283 343 nomen
1313 310 1486 352 seriptum
1517 312 1596 342 erat
1603 321 1618 350 ‚·
1646 309 1780 342 similes

65 370 305 404 indicationes
326 371 557 413 reperiuntur
580 366 686 407 infra
710 367 756 402 N.
779 368 876 410 4994,
900 367 948 407 cll
971 378 1083 411 supra
1107 366 1154 400 Ν.
1177 367 1266 400 4988
1287 369 1361 401 not.
1383 367 1418 400 5.
1446 385 1487 390 -
1521 366 1556 407 6)
1579 365 1781 398 Desidiates

60 426 220 471 populus
242 425 447 459 Dalmatiae
478 424 587 469 (Ptin.
613 426 649 458 Ιι.
674 435 710 458 n.
732 425 769 465 3,
793 424 859 459 443
883 425 948 465 al.)
976 443 1022 448 —
1047 426 1082 464 7)
1107 424 1226 458 Verba
1256 423 1364 456 latere
1386 441 1431 458 ,-
1462 423 1569 465 patris
1599 424 1699 455 intus
1722 423 1781 455 de-

66 483 213 525 ficiunt,
244 484 468 515 extrinsecus
492 484 614 524 postea
645 482 784 515 adiecta
807 484 902 514 sunt.
927 499 972 504 —
997 482 1030 523 8)
1056 480 1197 523 Omnes,
1229 480 1273 513 de
1294 489 1448 523 quorum
1474 481 1600 522 patria
1630 482 1781 522 constat,

66 539 295 573 contet-ranei
316 537 468 578 fuerunt
490 536 641 571 Nervae.

143 700 145 703 ,
180 653 295 699 1990
336 655 432 706 imp.
454 654 596 694 Caesar
615 652 878 705 Vespasianus
906 653 1005 703 Aug.
1036 658 1147 704 pont.
1179 664 1296 701 max„
1327 659 1377 692 tr.
1407 658 1489 704 pot.
1509 651 1558 699 11,
1588 651 1684 703 imp.
1715 651 1779 699 Vl,
1808 657 1812 659 “

66 737 105 777 p.
129 737 191 776 >p.,
221 735 302 763 cos.
341 722 428 767 111¹.
449 722 572 774 desig.
604 720 694 769 1111,
723 720 916 760 veteranis
943 721 1011 771 qui
1045 720 1312 760 militaverunt
1339 720 1381 760 in
1412 720 1535 760 classe
1564 719 1778 760 Misenensi

66 791 140 832 sub
170 793 260 831 Sex.
280 789 432 830 Lucilio
461 789 582 829 Basso
592 789 622 835 ²,
654 788 723 840 qui
751 801 847 830 sena
877 794 918 828 et
946 787 1081 827 vicena
1105 788 1302 840 stipendia
1330 794 1398 828 aut
1417 788 1532 840 plura
1550 794 1781 828 meruerant

31 901 34 903 ,
67 866 107 899 et
134 865 229 899 sunt
257 858 413 898 deducti
444 857 649 904 Paestum,
688 868 858 908 quorum
898 856 1060 896 nomina
1097 855 1319 908 subscripta
1358 862 1472 895 sunt:
1511 856 1607 908 ipsis
1644 856 1780 897 liberis

66 926 314 980 posterisque
344 937 481 965 eorum
508 925 707 980 *civitatem
738 924 845 964 dedit
874 930 915 964 et
942 923 1160 963 conubium
1192 935 1281 963 cum
1312 919 1526 973 uxoribus,
1556 937 1654 977 quas
1684 931 1782 965 tunc

66 994 319 1042 habuissent,
356 1005 448 1033 cum
478 999 538 1033 est
567 991 704 1032 civitas
734 991 781 1031 iis
811 991 918 1039 data,
956 999 1024 1031 aut
1052 992 1085 1031 si
1114 991 1182 1043 qui
1214 991 1382 1031 caelibes
1413 998 1566 1040 essent,
1606 1004 1696 1032 cum
1734 992 1783 1032 iis

65 1075 163 1115 quas
182 1068 318 1114 postea
339 1061 542 1101 duxissent
574 1061 775 1112 dumtaxat
803 1060 948 1111 singuli
969 1060 1157 1112 singulas.
1208 1059 1333 1099 Nonis
1353 1060 1460 1111 Apin,
1493 1060 1658 1100 Caesare
1680 1062 1778 1112 Aug.

67 1128 94 1170 f.
123 1129 361 1178 Domitiano,
393 1128 464 1168 Cn.
495 1127 617 1168 Pedio
655 1127 776 1168 Casco
807 1128 906 1167 cos.³

490 1197 661 1250 gregali:
693 1196 744 1236 M.
776 1195 919 1236 Damae
948 1197 990 1243 s.,
1023 1195 1125 1235 Suro
1156 1195 1356 1235 Garaseno

179 1263 428 1317 Descriptum
444 1272 483 1304 et
496 1264 747 1316 recognitum
767 1276 814 1303 ex
833 1264 968 1304 tabula
988 1276 1122 1312 aenea,
1145 1275 1245 1315 quae
1268 1263 1343 1303 fixa
1364 1269 1423 1303 est
1439 1263 1587 1303 Romae
1607 1264 1648 1303 in
1666 1263 1781 1316 Capi-

67 1333 162 1374 tolio
192 1333 233 1372 in
265 1331 384 1384 podio
415 1344 504 1371 arae
535 1332 665 1384 gentis
685 1331 805 1371 Iuliae
835 1339 948 1384 parte
980 1332 1187 1372 exteriore.
1246 1331 1350 1384 Appi
1380 1332 1467 1371 Didi
1488 1331 1650 1371 Praxiae
1678 1331 1782 1371 Lau-

67 1400 198 1440 diceni
233 1411 295 1451 eq.
326 1399 372 1438 R.
413 1422 468 1427 —
504 1399 546 1438 C.
586 1399 659 1439 Iuli
698 1401 903 1452 Agathocli
932 1400 1146 1440 Laudiceni
1180 1422 1228 1428 —
1270 1399 1341 1439 Cn.
1373 1399 1479 1439 Cessi
1519 1399 1590 1439 Cn.
1630 1400 1657 1438 f.
1699 1399 1783 1440 Col.

69 1467 170 1509 Cesti
210 1466 437 1506 Antioches.
466 1465 597 1504 —.L.
630 1467 788 1508 Corneli
828 1456 1000 1508 Simonis
1040 1467 1227 1508 Caesarea
1256 1467 1430 1507 Straton.
1460 1490 1517 1496 —
1554 1467 1613 1506 Ti.
1646 1466 1782 1507 Claudi

69 1534 328 1588 Epaphroditi
366 1533 592 1573 Antioches.
626 1557 683 1563 —
721 1535 762 1575 C.
802 1536 874 1575 Iuli
915 1535 1163 1586 Theopompi
1201 1535 1429 1575 Antioches.
1460 1558 1517 1563 —
1556 1534 1614 1573 Ti.
1647 1534 1782 1574 Claudi

68 1602 345 1644 Demosthenis
374 1600 550 1640 Laudic.⁵
1148 1599 1150 1601 ’

183 1678 293 1725 1991
337 1680 432 1732 imp.
464 1680 617 1720 Caesar.
639 1681 902 1732 Vespasianus
933 1683 1031 1734 Aug.
1062 1687 1174 1733 pont.
1199 1692 1315 1728 max„
1345 1687 1394 1720 tr.
1416 1687 1498 1733 pot.
1521 1679 1569 1727 II,
1599 1679 1694 1732 imp.
1718 1680 1782 1727 VI,

69 1763 108 1803 p.
129 1763 182 1803 p.,
213 1762 291 1789 cos.
323 1747 401 1788 111¹
432 1747 557 1799 desig.
588 1747 675 1796 1111,
705 1749 900 1789 veteranis
933 1750 1001 1801 qui
1030 1749 1299 1789 militaverunt
1328 1749 1368 1788 iu
1401 1749 1523 1788 classe
1553 1747 1781 1788 Ravennate

69 1818 142 1858 sub
164 1817 254 1857 Sex.
277 1815 427 1855 Lucilio
448 1815 569 1855 Basso
583 1815 609 1860 ²,
641 1816 708 1867 qui
738 1829 832 1856 sena
865 1824 902 1856 et
934 1817 1071 1857 vicena
1101 1816 1298 1869 stipendia
1327 1822 1394 1857 aut
1412 1816 1526 1869 plura
1547 1822 1782 1856 meruerunt

70 1892 110 1925 et
146 1890 240 1925 sunt
277 1883 432 1922 deducti
471 1883 510 1922 in
551 1882 815 1933 Pannoniam,
855 1897 1026 1937 quorum
1064 1885 1226 1925 nomina
1263 1883 1485 1936 subscripta
1523 1890 1636 1924 suut:
1685 1884 1781 1936 ipsis

69 1952 204 1993 liberis
233 1950 480 2004 posterisque
502 1962 640 1991 eorum
671 1952 864 1992 civitatem
894 1953 1003 1993 dedit
1032 1959 1071 1993 et
1101 1951 1317 1993 conubium
1338 1963 1428 1991 cum
1449 1951 1652 2000 uxoribus,
1683 1964 1782 2004 quas

69 2027 167 2060 tunc
197 2018 438 2066 habuissent,
468 2031 559 2058 cum
593 2025 653 2059 est
682 2020 816 2060 civitas
845 2021 878 2061 is
907 2021 1009 2067 data,
1040 2026 1107 2060 aut
1136 2021 1168 2060 si
1198 2020 1266 2072 qui
1297 2019 1466 2060 caelibes
1497 2027 1649 2067 esseut,
1689 2032 1780 2060 cum

70 2087 117 2126 iis
151 2097 249 2138 quas
286 2093 422 2137 postea
459 2086 664 2126 duxissent
701 2087 900 2128 dumtaxat
930 2087 1095 2140 singulis
1138 2092 1222 2135 (sic)
1261 2088 1447 2140 singulas.
1509 2087 1611 2127 Nou.
1644 2087 1780 2140 April„

71 2153 234 2194 Caesare
266 2154 363 2205 Aug.
395 2154 422 2192 f.
453 2153 688 2203 Domitiano,
720 2155 791 2194 Cn.
824 2155 944 2195 Pedio
976 2155 1096 2196 Casco
1126 2155 1226 2196 (τος.3

490 2221 635 2261 Platori
667 2222 805 2263 Veneti
835 2224 876 2271 ἱ,
908 2224 1145 2271 centurioni,
1177 2223 1360 2262 Maezeio.

183 2300 430 2352 Descriptum
445 2307 484 2339 et
506 2301 757 2352 recognitum
773 2314 819 2341 ex
838 2302 968 2342 tabula
991 2315 1111 2343 aenea
1133 2314 1234 2354 quae
1255 2308 1314 2341 est
1334 2302 1408 2341 fixa
1431 2301 1579 2340 Romae
1600 2301 1640 2340 in
1664 2300 1777 2353 Capi-

71 2368 165 2407 tolio
203 2367 250 2406 ad
290 2379 396 2406 aram
435 2367 566 2418 gentis
602 2367 721 2408 Iuliae
759 2369 807 2408 de
845 2370 1101 2422 sorasrpodio
1138 2369 1403 2416 sinisteriore,
1443 2368 1522 2408 tab.
1560 2368 1577 2407 l
1616 2381 1704 2422 pag.
1745 2368 1779 2408 11

71 2435 158 2474 loco
187 2433 432 2474 xxxmnv
483 2434 527 2474 T.
558 2434 631 2474 luli
662 2435 750 2475 Rufi
781 2436 947 2477 Salonit.
979 2450 1041 2488 eq.
1073 2437 1195 2476 R.·-
1226 2436 1268 2475 P.
1300 2436 1385 2476 Vibi
1417 2435 1571 2476 Maximi
1602 2436 1780 2490 Epitaur.

73 2514 135 2554 eq.
174 2502 221 2541 R.
261 2525 312 2531 ——
353 2502 398 2541 T.
432 2502 527 2541 Fani
559 2502 714 2543 'Celeris
744 2503 927 2544 Iadestin.
967 2504 1052 2544 dec.
1083 2528 1138 2534 —-
1170 2505 1210 2545 C.
1242 2503 1362 2544 Marci
1401 2504 1557 2544 Proculi
1598 2504 1780 2545 Iadestin.

72 2570 156 2610 dec.
188 2593 236 2598 —
274 2572 315 2609 Ρ.
347 2569 535 2609 Caetenni
566 2569 779 2610 Clementis
809 2571 943 2611 Salon.
976 2596 1031 2600 —-
1062 2571 1104 2611 P.
1137 2572 1230 2612 Luri
1261 2572 1450 2613 Moderati
1482 2572 1689 2613 Risinitan.
1726 2595 1780 2602 -

72 2636 120 2684 Q.
150 2637 301 2677 Poblici
332 2636 556 2677 Crescentis
590 2636 790 2677 Iadestin!
1036 2690 1046 2700 ο

50 2754 53 2756 μ
184 2715 364 2758 Diplyclta
395 2725 503 2747 aenea
536 2714 628 2756 dua,
661 2715 813 2748 aller-um
845 2726 921 2759 rep.
953 2716 1129 2759 Pompeiis
1161 2727 1194 2750 a.
1217 2716 1319 2759 4874,
1351 2720 1402 2749 est
1433 2716 1587 2759 Neapoli
1618 2715 1668 2759 (X
1689 2718 1782 2760 867),

74 2770 226 2803 alem-um
249 2781 323 2813 rep.
351 2769 503 2812 Salonis,
528 2773 580 2802 est
601 2770 765 2804 Ber-alini
795 2773 834 2805 in
858 2782 978 2806 museo
1010 2772 1084 2812 (ΙΙΙ
1102 2783 1137 2815 p.
1162 2773 1256 2814 850).
1281 2792 1325 2797 —
1353 2774 1384 2812 1)
1408 2774 1449 2806 A.
1474 2773 1524 2805 74.
1553 2792 1589 2796 -
1619 2774 1653 2813 2)
1677 2772 1783 2806 Luci-

74 2824 160 2859 lium
182 2826 355 2869 Bassum,
385 2829 466 2869 post
493 2825 758 2869 praefecturam
791 2827 888 2870 alae,
918 2827 1118 2862 Ravennati
1147 2829 1256 2862 simul
1278 2831 1313 2861 et
1337 2828 1528 2861 Misenensi
1558 2829 1730 2861 classibus
1760 2839 1781 2862 a

77 2880 223 2915 Vitellio
245 2885 489 2926 praepositum
515 2894 586 2915 esse
610 2886 740 2916 nar-rat
766 2882 909 2917 Tacitus
937 2885 1018 2920 hist.
1050 2886 1094 2927 2,
1117 2885 1190 2918 400.
1215 2903 1259 2910 -
1295 2885 1329 2926 3)
1358 2886 1380 2918 5
1405 2886 1492 2927 Apr.
1524 2885 1575 2918 74.
1602 2903 1640 2908 -
1668 2886 1703 2925 4)
1729 2883 1782 2925 Cli

75 2935 120 2971 N.
142 2938 228 2972 4989
251 2942 324 2973 not.
350 2941 384 2972 ὅ.
410 2958 454 2963 -
480 2942 514 2979 5)
540 2939 749 2981 signatores
771 2941 810 2973 in
833 2939 878 2974 N.
903 2940 988 2975 4990
1011 2941 1099 2985 Syri
1124 2952 1254 2983 omnes,
1278 2943 1316 2973 in
1342 2940 1385 2974 N.
1410 2941 1491 2975 4994
1518 2941 1716 2974 Dalmatae.
1737 2959 1782 2965 —

76 2992 118 3024 In
141 2993 332 3036 diplomate
355 2995 570 3029 salonitano
608 2996 699 3037 dies,
730 3006 858 3029 nomen
885 3000 1068 3052 'veter-ani,
1102 2998 1200 3030 Iocus
1233 2998 1374 3030 tabulae
1406 2999 1444 3030 in
1478 2997 1783 3045 Capitoliofioeae
