1968 3268
212 130 293 169 276
396 116 399 118 ’
943 129 1063 175 Caput
1083 130 1167 166 1111.

329 244 530 286 Sarzanae,
556 245 620 276 ubi
641 242 717 283 fuit
738 242 842 275 Luna
867 242 1026 286 (Notizie
1042 243 1127 276 1890
1146 253 1183 286 p.
1205 243 1300 287 377).
1323 262 1366 268 -
1395 245 1427 285 1)
1448 243 1576 278 Nescio
1599 255 1647 278 an
1670 249 1706 278 et
1727 245 1912 279 dolendum

209 303 267 335 sit.
292 320 335 326 —
361 303 395 343 2)
419 311 451 334 V.
477 311 504 334 c.
531 300 626 343 (viro
652 299 866 343 clarissimo)
899 299 958 332 hic
982 301 1158 342 positum,
1185 303 1377 343 propterea
1411 301 1508 343 quod
1530 301 1759 335 Constantius
1781 303 1830 342 ad
1849 302 1911 336 ad-

209 358 506 391 ministrationem
530 355 679 389 Tusciae
702 359 737 387 et
761 355 924 390 Umbriae
945 359 1136 398 provectus
1164 358 1323 399 primum
1353 357 1628 391 clarissimatum
1652 358 1800 402 adeptus
1823 363 1910 399 erat,

208 425 288 447 cum
312 417 417 446 antea
440 415 479 445 in
498 411 802 455 perfectissimatu
824 412 1044 445 substitisset.

324 525 436 571 1253
482 527 615 566 Clodio
648 523 913 583 Octavian[o]¹
941 527 946 578 Ι
972 540 1006 566 v,
1037 539 1071 566 c.
1103 523 1317 582 pontific[i]
1346 526 1354 581 Ι
1381 528 1537 576 maiori,
1575 527 1752 568 consuli²
1776 526 1784 582 Ι
1809 528 1911 568 Pan-

209 596 419 635 noniarum
446 594 452 649 Ι
479 595 676 635 secundae
705 602 795 646 post
820 594 827 649 Ι
854 595 1029 647 presides
1062 601 1145 641 (sic)
1174 595 1317 647 primo,
1343 594 1350 648 Ι
1375 595 1519 635 vicario
1553 595 1664 636 urbis
1688 594 1696 649 Ι
1721 595 1881 646 Romae,
1903 594 1910 650 Ι

210 663 346 703 comiti
372 661 379 717 Ι
406 662 555 702 ordinis
585 663 713 715 primi,
741 660 748 717 Ι
775 664 871 702 ordo
902 660 1214 717 Bovianelnsium
1245 669 1414 715 patrono
1439 661 1447 717 Ι
1472 664 1547 704 iam
1575 663 1738 715 privato.

321 730 475 762 Boviani
497 730 537 761 in
554 728 702 762 Samnio
720 728 789 769 (IX
800 730 889 763 2566
911 730 1003 762 vidit
1018 728 1238 770 Mommsen).
1255 748 1297 753 ——
1318 730 1350 771 1)
1373 730 1469 762 Idem
1491 729 1567 770 fuit
1588 731 1697 763 etiam
1717 730 1914 773 proconsul

206 784 373 825 Africae,
406 786 470 817 sub
501 786 644 818 Iuliano
668 788 703 818 et
725 786 890 825 loviano,
917 784 964 825 cf.
988 796 1098 828 supra
1122 785 1167 819 Ν.
1187 786 1273 826 756,·
1295 787 1444 828 periisse
1466 785 1610 819 videtur
1632 796 1666 821 a.
1689 786 1753 824 371
1779 787 1909 826 (Anam.

206 843 262 882 29,
278 844 313 882 3,
330 842 379 886 4).
405 861 446 866 —-
474 843 508 883 2)
532 842 664 875 Debuit
688 853 760 875 esse
784 841 965 875 consulari.

320 931 436 978 1254
478 933 535 972 Fl.
567 933 749 973 Sallustio
779 945 816 972 v,
848 945 881 972 c.
909 931 915 986 Ι
942 945 1052 973 cons.
1084 934 1319 979 ordinari0¹,
1355 935 1361 988 Ι
1395 937 1516 987 praef.
1546 935 1699 988 praet.²,
1738 935 1872 975 comiti
1903 933 1910 990 Ι

210 1001 455 1049 consistorii,
487 1002 631 1040 vicario
658 1002 664 1054 Ι
691 1001 778 1040 urbi
811 1001 979 1048 Romae,
1016 1001 1159 1041 vicario
1186 1001 1193 1054 Ι
1220 1002 1699 1054 Hispaniarum‚'vicari0
1732 1001 1740 1056 Ι
1773 1002 1910 1054 quinq.

207 1069 523 1122 provinciarum,
558 1069 564 1121 Ι
599 1069 718 1120 pleno
753 1068 958 1120 aequitatis
983 1071 988 1119 Ι
1021 1081 1066 1108 ac
1096 1070 1200 1118 fidei,
1232 1070 1282 1109 ob
1313 1071 1465 1110 virtutis
1491 1069 1498 1124 Ι
1522 1071 1795 1122 meritorumq.
1825 1069 1911 1120 glo-

208 1137 308 1176 riam
335 1137 342 1189 Ι
368 1136 497 1176 missis
536 1136 649 1188 legat.
687 1137 759 1175 ius.
791 1137 887 1176 sac.³
912 1135 918 1189 Ι
946 1136 1155 1188 Hispaniae
1196 1138 1438 1178 dicaverunt.
1498 1143 1557 1181 (In
1580 1143 1705 1184 latere)
1736 1137 1911 1178 dedicata

207 1203 237 1241 V
269 1204 344 1243 kal.
377 1203 462 1243 Iun.
491 1202 497 1256 Ι
524 1204 610 1243 divo
641 1204 799 1243 Ioviano
829 1205 928 1255 Aug.
960 1211 999 1244 et
1032 1202 1306 1260 Varronian[o]
1336 1205 1342 1256 Ι
1369 1205 1486 1246 coss.⁴

319 1269 449 1302 Romae
471 1271 510 1302 in
534 1269 616 1310 foro
638 1270 788 1303 Traiani
811 1270 979 1310 (V14729
1004 1271 1111 1304 deser.
1133 1272 1344 1313 Bor-mann).
1367 1291 1412 1295 —
1438 1274 1468 1314 1)
1491 1272 1536 1306 A.
1559 1273 1629 1306 563
1653 1282 1733 1305 cum
1756 1272 1911 1306 Iuliano.

207 1346 246 1350 —-
275 1328 308 1369 2)
333 1326 477 1360 Scilicet
495 1326 694 1360 Galliarum
710 1338 743 1359 a.
759 1327 823 1360 564
837 1338 905 1369 seq.
932 1329 1126 1367 (Ammian.
1142 1328 1199 1370 24,
1214 1330 1247 1368 8,
1266 1328 1297 1363 4.
1319 1329 1380 1370 25,
1396 1328 1427 1368 ’1,
1443 1329 1474 1362 4.
1499 1339 1527 1362 c.
1543 1330 1578 1371 ὅ,
1593 1331 1641 1371 4).
1666 1348 1708 1354 -
1734 1330 1770 1370 3)
1792 1329 1912 1363 Missis

206 1383 334 1425 legatis
357 1385 514 1415 iussione
535 1393 652 1416 sacra.
676 1402 720 1407 -—
744 1385 778 1424 4)
802 1384 846 1418 A.
862 1386 939 1418 364.

318 1496 429 1542 1255
476 1498 704 1537 Saturninio
736 1498 933 1538 Secundo¹
971 1511 1006 1538 v,
1038 1511 1072 1538 c.
1107 1498 1113 1551 Ι
1140 1498 1309 1550 praesidi
1339 1498 1563 1551 provinciae
1593 1498 1870 1550 Aquitanicae,
1901 1497 1908 1553 Ι

204 1566 390 1617 magistro
420 1565 646 1613 memoriae,
678 1566 811 1605 comiti
833 1564 994 1618 ordilnis
1014 1567 1143 1618 primi,
1175 1566 1405 1618 proconsuli
1425 1566 1593 1615 Africae,
1622 1567 1716 1607 item
1741 1569 1748 1619 Ι
1774 1568 1911 1608 comiti

205 1634 356 1673 ordinis
386 1633 503 1685 primi
534 1633 635 1672 intra
656 1631 948 1687 conlsistorium
978 1640 1017 1673 et
1041 1635 1250 1685 quaestori,
1281 1635 1403 1686 praef.
1430 1633 1437 1686 Ι
1463 1634 1659 1686 praetorio
1680 1635 1837 1684 iterum,
1857 1635 1909 1676 ob

204 1701 391 1754 egregia}
425 1701 509 1741 eius
541 1701 581 1740 in
622 1702 902 1754 rempublicam
939 1701 1076 1741 merita
1115 1701 1177 1741 dd.
1218 1715 1287 1741 nn.
1327 1702 1622 1742 Valentinianus
1662 1708 1701 1742 et
1735 1702 1910 1756 [Valens

201 1769 370 1808 victores
415 1781 461 1808 ac
499 1766 779 1823 triumfaltores
818 1780 976 1821 semper
1012 1770 1176 1821 Augusti
1208 1771 1214 1819 Ι
1249 1775 1415 1809 statuam
1457 1769 1529 1809 sub
1578 1781 1675 1810 auro
1713 1768 1909 1826 constiltui

203 1837 402 1888 locarique
433 1837 644 1877 iusserunt.

319 1902 450 1936 Romae
482 1904 575 1935 basis
607 1903 734 1944 effossa
764 1913 855 1936 saec.
877 1902 964 1936 XVI
993 1914 1011 1935 e
1044 1901 1127 1942 foro
1155 1901 1322 1944 Traiani,
1355 1902 1488 1935 dudum
1517 1904 1629 1946 periit
1659 1903 1728 1944 (VI
1749 1905 1832 1939 4764
1862 1905 1912 1939 ad

203 1960 402 2002 exemplum
434 1963 643 1992 accuratum
678 1959 823 1992 Nicolai
846 1959 1053 2001 Florentii).
1076 1977 1123 1983 —
1149 1961 1181 2000 1)
1206 1958 1271 1991 Hic
1299 1962 1351 1991 est
1373 1958 1556 1992 Secundus
1574 1959 1780 2002 praefectus
1803 1972 1909 2004 prae-

204 2018 298 2049 torio
332 2016 540 2057 (Orientis),
571 2016 619 2048 ad
647 2026 749 2058 quem
774 2015 853 2048 >non
879 2026 999 2059 pauca
1029 2018 1204 2058 rescripta
1234 2016 1404 2058 leguntur
1437 2019 1477 2048 in
1512 2016 1634 2049 codice
1665 2016 1908 2052 Theodosiana

203 2083 237 2105 a.
252 2073 445 2112 562-564,
471 2075 598 2105 auctor
620 2074 764 2115 imperii
779 2073 818 2105 in
836 2073 1130 2106 Valentinianum
1154 2071 1364 2112 conferendi
1388 2072 1618 2115 (Phtlostorg.
1632 2074 1667 2116 8,
1681 2073 1733 2117 8),
1757 2076 1800 2107 ab
1823 2075 1908 2108 Am-

202 2130 323 2161 miano
355 2128 459 2161 semel
485 2129 686 2172 appellatus
710 2129 893 2162 Secundus
917 2129 1109 2163 Sallustius
1133 2128 1209 2171 (22,
1225 2129 1259 2169 5,
1276 2127 1325 2169 1),
1354 2132 1496 2171 saepius
1527 2129 1570 2161 ab
1602 2129 1740 2172 eodem,
1770 2133 1855 2163 item
1885 2142 1907 2164 a

202 2184 347 2218 Zosimo
372 2186 423 2225 (3,
439 2186 501 2229 56)
521 2185 713 2219 Sallustius
739 2189 877 2218 tantum
902 2185 1083 2226 (Sallustii
1098 2195 1225 2218 nomen
1247 2188 1364 2228 potest
1381 2186 1535 2227 periisse
1557 2186 1597 2217 in
1615 2185 1755 2228 plintho
1779 2187 1909 2229 basis),-

203 2242 246 2274 ab
272 2241 391 2274 eodem
413 2244 552 2284 positus
574 2245 625 2274 est
649 2253 681 2275 a.
697 2243 766 2276 565⁷
792 2243 916 2275 titulus
938 2252 1048 2285 supra
1073 2240 1119 2274 N.
1143 2242 1217 2275 754.
1259 2241 1313 2281 Cf.
1342 2240 1530 2274 Tillemont
1552 2241 1685 2275 Iulian.
1707 2244 1830 2276 παιδ’.

318 2341 429 2388 1256
470 2345 652 2397 Hymetii.
673 2367 729 2374 —
755 2345 762 2396 Ι
789 2374 799 2383 .
815 2374 825 2383 .
842 2374 851 2383 .
874 2343 972 2383 Iulio
994 2343 1110 2384 Festo
1132 2344 1334 2397 Hymetio¹
1361 2356 1396 2383 c.
1414 2357 1463 2393 v.,
1481 2341 1487 2399 Ι
1506 2344 1720 2384 correctori
1741 2344 1907 2386 Tusciae

205 2415 244 2449 et
273 2411 470 2460 Umbriae,
501 2413 675 2464 praetori
704 2411 870 2459 urbano,
896 2410 902 2465 Ι
929 2412 1128 2451 consulari
1150 2411 1384 2465 Campaniae
1414 2423 1503 2451 cum
1531 2411 1704 2460 Samnio,
1729 2410 1737 2464 Ι
1762 2412 1905 2453 vicario

204 2477 314 2517 urbis
336 2479 481 2519 Romae
511 2479 730 2527 θεῖοι-11382,
761 2479 990 2531 proconsuli
1016 2476 1022 2533 Ι
1048 2480 1273 2532 provinciae
1293 2479 1445 2519 Africae
1455 2479 1482 2526 ³,
1512 2477 1562 2518 ob
1591 2478 1761 2530 insignia
1791 2478 1904 2537 eius}

205 2544 246 2584 in
286 2546 566 2597 rempublicam
605 2547 741 2586 merita
781 2555 820 2586 et
857 2547 906 2586 ob
945 2547 1145 2599 depulsam
1181 2546 1187 2601 Ι
1222 2547 1270 2586 ab
1309 2546 1442 2586 eadem
1480 2545 1679 2597 provincia
1716 2547 1830 2587 famis
1867 2553 1907 2587 et

205 2611 363 2664 inopiae
401 2614 615 2653 vastitatem
642 2613 648 2666 Ι
675 2614 849 2654 consiliis
879 2622 918 2654 et
947 2614 1272 2666 provisionibus⁴,
1314 2620 1352 2652 et
1389 2614 1493 2664 quod
1528 2618 1632 2652 caste
1657 2612 1664 2666 Ι
1690 2613 1730 2652 in
1769 2613 1905 2654 eadem

205 2680 406 2731 provincia
427 2681 658 2732 integreque
678 2688 854 2721 versatus
884 2688 954 2729 est,
982 2680 987 2736 Ι
1015 2678 1145 2737 [qu]od
1176 2693 1306 2733 neque
1329 2680 1513 2731 aequitati
1533 2680 1573 2719 in
1595 2680 1872 2732 cognoscendo
1894 2679 1901 2736 Ι

206 2759 335 2799 neque
368 2748 536 2789 iustitiae
566 2747 745 2795 defuerit,
786 2749 890 2799 quod
927 2749 1098 2789 studium
1126 2749 1132 2803 Ι
1158 2748 1365 2789 sacerdotii
1395 2747 1618 2800 provinciae
1648 2747 1865 2787 restituerit
1895 2749 1901 2800 Ι

204 2821 248 2854 ut
279 2828 387 2855 nunc
417 2828 438 2855 a
458 2815 772 2868 conpetitoribus
793 2816 997 2866 adpetatur
1022 2816 1029 2869 Ι
1056 2818 1159 2868 quod
1186 2824 1300 2857 antea
1320 2815 1520 2855 formidini
1539 2814 1698 2853 fuerit³t
1730 2814 1781 2853 ob
1802 2827 1904 2867 quae

205 2882 340 2922 eadem
365 2882 372 2936 Ι
398 2883 599 2936 provincia
629 2883 779 2929 Africa,
819 2882 987 2922 decretis
1017 2884 1063 2923 ad
1095 2885 1247 2924 divinos
1276 2883 1477 2936 principes
1502 2879 1509 2935 Ι
1535 2882 1715 2922 dominos
1746 2889 1904 2923 nostros

203 2949 331 2990 missis
357 2949 363 3003 Ι
391 2951 592 2991 Valentem
614 2950 840 2990 Gratianum
866 2955 904 2988 et
925 2950 1262 2991 Valentinianum⁶
1288 2950 1294 3004 Ι
1320 2957 1532 3003 perpetuos
1555 2949 1765 3001 Augustos,
1792 2947 1799 3005 Ι
1825 2956 1903 2991 sta-

204 3022 310 3055 tuam
342 3030 460 3058 unam
491 3018 594 3071 apud
625 3017 898 3069 Carthaginem
929 3018 1002 3057 sub
1033 3031 1150 3066 auro,
1182 3017 1188 3072 Ι
1224 3018 1383 3057 alteram
1414 3029 1572 3068 quoque
1601 3017 1747 3057 Romae
1777 3017 1903 3057 eidem
