1968 3268
0 0 45 84 :ff

38 87 47 148 3
812 99 1013 136 Praefatio.
1738 97 1773 135 v

67 216 281 259 habeamus
309 228 332 256 a
359 215 452 256 viris
481 215 620 269 peritis
649 215 851 263 confecta,
887 214 949 255 vel
978 214 1094 254 etiam
1125 219 1263 267 ectypa
1291 213 1418 254 instar
1454 211 1780 266 archetyporum.‘

36 297 40 328 ζ
70 284 170 326 Cum
197 290 304 325 totus
338 283 456 336 igitur
484 283 655 336 pendeat
682 283 748 323 hic
775 282 877 322 liber
906 294 954 322 ex
984 281 1160 334 Corpore
1195 282 1500 335 inscriptionum
1529 281 1773 331 Latinarum,

35 338 46 413 l}
68 359 233 406 apparet
261 351 449 404 quicquid
478 350 520 390 in
549 363 597 390 eo
628 351 868 400 continetur,
898 349 1188 403 quodammodo
1218 349 1357 390 deberi
1376 350 1609 391 Academiae
1627 349 1773 401 Regiae

39 419 320 467 &Borussicaffi
361 430 463 470 quae
502 418 580 458 iam
615 431 688 471 per
727 419 872 459 multos
906 430 1036 458 annos
1070 417 1373 470 inscriptionum
1411 418 1662 470 antiquarum
1699 429 1774 471 per

38 470 45 537 ξ’
65 492 194 528 totum
222 486 362 527 orbem
389 486 653 539 patrocinium
683 487 865 535 sustinet,
895 485 1031 526 deberi
1053 485 1300 526 Mommseno
1329 491 1371 526 et
1399 486 1517 527 sociis
1545 485 1642 534 eius,
1672 497 1774 537 quos

43 590 44 593 ,
65 555 140 596 sibi
171 554 368 607 cooptavit
395 554 437 594 in
463 553 639 607 Corpore
662 553 968 606 inscriptionum
991 552 1220 594 Latinarum
1242 553 1499 606 perficiendo.
1547 553 1581 593 A
1600 553 1774 606 propriis

42 608 301 663 ‘Mommseni
336 621 487 662 meritis
524 621 805 662 enumerandis
842 627 1008 674 propter
1042 621 1180 674 plures
1214 633 1351 662 causas
1388 621 1591 671 abstineo;
1628 621 1775 662 sufficit

66 690 211 743 gratias
239 689 366 741 egisse
405 694 446 729 et
479 689 555 741 ipsi
593 694 634 729 et
669 688 832 740 reliquis
862 689 1049 741 Corporis
1085 689 1391 741 inscriptionum
1422 689 1652 730 Latinarum
1689 689 1774 730 edi·

66 757 242 807 toribus,
281 755 416 797 amicis
445 756 564 806 meis,
603 756 671 808 qui
701 768 792 797 cum
822 768 960 796 omnes
989 762 1172 809 prompta
1199 757 1400 797 voluntate
1438 769 1501 797 me
1538 758 1775 807 adiuverint,

67 825 311 866 Christianus
349 824 523 865 Huelsen
558 824 708 864 Romae
747 824 987 865 constitutus
1023 824 1307 864 nonnullarum
1343 837 1479 865 rerum
1517 837 1617 878 quae
1653 825 1775 878 longe

65 893 116 933 ab
144 893 252 934 Italia
282 892 490 944 degentem
514 892 653 944 fugere
674 893 830 944 possint
852 892 1057 932 admonuit
1079 899 1118 933 et
1136 899 1395 933 monumenta
1417 893 1612 933 nonnulla
1633 905 1775 934 recens

66 966 224 1013 reperta
251 971 409 1000 mecum
438 960 754 1000 communicavit.

177 1050 264 1090 Ser.
285 1049 463 1090 Berolini
491 1062 628 1091 mense
658 1050 766 1103 Sept.
796 1049 1189 1091 MDCCCLXXXXII.

1421 1150 1483 1195 Η.
1512 1149 1715 1195 Bessan.
