1968 3268
787 169 902 205 Tituli
924 169 1110 205 militares.
1179 225 1181 227 Ι
1721 171 1802 210 427

197 281 315 329 2129
358 285 402 326 L.
434 285 586 326 Firvius
621 285 664 325 L.
695 285 722 324 f.
755 284 848 325 Fab.
874 283 882 339 Ι
908 284 1120 326 Postumus
1149 284 1202 324 d.¹
1241 285 1371 333 Luca,
1406 284 1413 337 Ι
1447 286 1560 327 miles
1599 287 1688 327 coh.
1729 288 1797 328 XV

84 351 246 393 urban.²
269 350 276 406 Ι
301 361 325 393 7
358 353 535 401 Arrunti,
567 352 746 406 signifer,
771 351 779 404 Ι
805 353 886 392 11111.
917 364 981 393 an.
1012 352 1135 392 XVIII
1165 353 1239 393 vix.
1269 365 1333 393 an.
1362 353 1533 404 XXXVI,
1559 353 1566 406 Ι
1591 355 1630 395 h.
1661 369 1693 396 s.
1725 368 1760 396 e.

199 419 367 452 Priverni
390 418 442 462 (X
460 420 548 454 6443
571 419 664 452 vidit
684 419 907 464 Mommsen).
924 438 968 444 -—
995 420 1028 461 1)
1051 419 1177 454 Domo.
1202 438 1245 443 —
1270 421 1304 461 2)
1330 418 1383 460 Cf:
1406 420 1453 454 N.
1475 421 1579 455 2428.

197 497 314 545 2130
355 500 400 540 L.
422 500 535 540 Fufio
556 500 773 552 Equestre¹
798 498 804 554 Ι
827 500 907 540 11111.
929 501 1016 540 coh.
1037 500 1167 540 XVII²
1188 498 1194 555 Ι
1217 500 1539 554 Luguduniensis
1558 502 1606 542 ad
1630 499 1637 557 Ι
1658 515 1798 544 mone·

86 565 574 622 tam³1>lanuari.}L.
605 568 630 607 i.
662 569 688 607 f.
720 565 901 624 [p.]1111‚
932 569 1168 621 r.p.1111.⁴

202 634 249 668 V·
233 635 318 678 chy
344 633 436 677 (dep.
461 633 590 677 Aufer)
619 645 707 677 rep„
731 635 856 668 deinde
880 635 1038 669 Moulzns
1061 634 1286 679 (Hirschfeld
1306 635 1412 680 Lyon
1442 637 1483 669 in
1514 636 1577 669 der
1599 636 1799 671 Homer-zeii

83 701 120 734 p.
136 690 203 732 27;
226 690 361 724 Allmer
377 693 411 723 et
425 690 582 723 Dissard
595 701 712 723 musee
728 692 772 724 de
787 690 892 735 Lyon
916 692 938 724 I
953 703 990 735 p,
1006 693 1077 726 435
1093 693 1141 726 ad
1155 695 1321 736 ectypum
1334 702 1574 736 gypsaceum‚·
1591 691 1638 732 of.
1654 693 1801 727 Momm-

85 758 148 780 sen
170 748 316 781 Hermes
331 748 373 781 46
394 757 430 790 p.
454 747 548 791 645).
566 766 609 771 —-
629 749 662 789 1)
679 748 802 781 Iudice
818 747 1035 781 Mommseno
1057 747 1292 791 significatur
1315 749 1440 782 domus
1462 748 1502 783 L.
1519 749 1632 790 Fufii,
1657 749 1799 783 colonia

86 803 181 838 Iulia
204 804 394 848 Equestris
417 803 670 837 Noviodunum
704 805 826 845 (hodie
849 803 987 849 Nyon).
1019 822 1066 829 —
1096 806 1132 847 2)
1154 804 1209 837 De
1240 806 1308 838 hac
1338 806 1483 838 cohorte
1506 809 1698 849 praeterea
1726 817 1800 840 non

84 863 281 893 memorata
304 859 351 900 cl:
375 860 445 894 Mo.
471 860 493 894 l.
518 870 572 902 c.;
595 860 864 903 Lugduniensis
884 863 962 894 sine
985 861 1093 894 dubio
1118 862 1176 893 hie
1200 861 1300 894 dicta
1324 865 1378 894 est
1400 862 1497 905 quod
1517 864 1650 895 stativa
1674 864 1803 896 habuit

85 915 276 959 Lugduni,
308 920 351 950 ut
381 918 541 951 cohortes
569 919 689 960 prima
721 920 756 950 et
787 917 923 951 decima
953 918 1062 950 tertia
1093 919 1255 950 urbanae
1262 930 1277 959 ;
1306 919 1399 952 hane
1423 929 1563 962 quoque
1594 920 1800 952 cohortibus

84 974 236 1006 urbanis
260 973 566 1007 adnumerandam
590 985 663 1007 esse
682 974 871 1017 probabile
895 976 957 1007 est.
976 993 1022 998 —
1045 975 1080 1016 3)
1103 973 1276 1007 Nummos
1298 976 1399 1007 iussu
1424 977 1681 1017 imperatorum
1703 974 1802 1018 Lug-

86 1029 177 1062 duni
200 1040 302 1063 eusos
324 1041 397 1063 esse
420 1033 528 1064 etiam
551 1030 697 1064 aliunde
721 1033 862 1063 constat
886 1029 1033 1073 (Strabo
1050 1031 1132 1073 4‚3‚
1149 1032 1195 1071 2;
1217 1041 1328 1074 supra
1353 1029 1398 1065 N.
1415 1031 1532 1075 1659).
1556 1050 1600 1055 ——
1625 1033 1660 1074 4)
1683 1031 1802 1065 Locus

84 1087 127 1118 in
148 1084 271 1125 fronte
289 1087 397 1129 pedes
419 1087 495 1120 IIII
514 1090 614 1120 retro
635 1087 742 1130 pedes
759 1087 848 1121 IIII.

195 1164 309 1211 2131
354 1167 468 1207 Marti
504 1173 544 1207 et
571 1167 772 1208 Fortunae
808 1167 815 1221 Ι
850 1168 892 1208 C.
932 1168 1096 1208 Alfidius
1126 1164 1367 1222 Secundus!
1402 1167 1513 1208 miles
1550 1169 1640 1223 coh.
1670 1168 1798 1209 XVII¹

87 1230 96 1289 Ι
126 1234 165 1274 d
195 1234 343 1344 Zamae,
366 1310 462 1334 nune
487 1301 656 1343 Ber-otini,
681 1302 810 1335 tabella
835 1312 944 1335 aenea
969 1302 1100 1335 litteris
1124 1303 1304 1344 argenteis
1328 1301 1402 1342 (VI
1419 1302 1511 1345 484).
1537 1321 1580 1327 -—
1608 1305 1638 1345 1)
1662 1303 1801 1337 Intelle-

83 1356 204 1399 genda
227 1359 281 1390 est
309 1359 375 1390 aut
397 1358 524 1391 cohors
547 1358 683 1392 decima
707 1361 857 1402 septima
881 1359 1168 1392 voluntariorum
1192 1360 1324 1391 civium
1347 1357 1589 1392 Romanorum
1607 1363 1799 1402 praeterea

84 1423 157 1447 non
179 1416 394 1457 memorata,
426 1417 510 1455 aut,
542 1415 583 1448 id
605 1415 702 1458 quod
724 1425 838 1457 nuper·
862 1417 1017 1449 coniecit
1040 1415 1232 1448 Mommsen
1257 1415 1392 1458 (Herm.
1416 1415 1458 1448 46
1478 1426 1514 1458 p.
1538 1417 1641 1461 645),
1671 1418 1798 1451 cohors

85 1469 222 1503 decima
244 1471 395 1513 septima
418 1472 557 1503 urbana
584 1470 649 1514 (οῙζ
675 1470 719 1505 Ν.
744 1472 835 1506 2130
859 1475 934 1504 not.
957 1472 1009 1514 2).

200 1560 316 1606 2132
357 1563 588 1602 memoriam
626 1563 684 1603 Fl.
717 1563 935 1604 Eusebius¹
963 1562 969 1617 Ι
996 1564 1035 1603 111
1068 1576 1111 1603 re
1139 1576 1209 1604 sua
1248 1564 1322 1604 sibi
1361 1570 1400 1604 et
1435 1565 1517 1604 suis
1546 1565 1758 1605 incolumis
1790 1564 1798 1619 Ι

86 1630 200 1678 fecit,
238 1629 386 1682 quique
416 1630 580 1670 urbanis
614 1631 844 1670 cohortibus
869 1629 875 1684 Ι
903 1631 1125 1683 inculpatae
1163 1631 1204 1670 in
1237 1631 1472 1684 Campaniae
1498 1630 1504 1684 Ι
1530 1644 1657 1683 usque
1694 1644 1730 1671 v.
1762 1645 1796 1672 c.

87 1698 308 1738 consularis
344 1709 542 1738 exornans
576 1696 583 1751 Ι
627 1698 893 1751 principatum
933 1698 1140 1750 stipendiis
1186 1698 1340 1738 ratione
1374 1697 1381 1752 Ι
1419 1699 1595 1739 decursis
1633 1699 1798 1753 inplevit

87 1765 295 1806 militiam?²

200 1832 299 1865 Inter
322 1831 486 1865 Sutrium
510 1834 545 1864 et
564 1830 679 1874 Nepet
701 1831 771 1872 (XI
796 1832 893 1866 5205
923 1831 1017 1864 vidit
1040 1831 1255 1875 Bormann).
1287 1850 1327 1856 —
1365 1833 1397 1875 1)
1426 1831 1514 1866 Noli
1539 1836 1672 1875 putare
1702 1835 1799 1868 hunc

86 1888 282 1922 Eusebium
307 1888 455 1920 eundem
479 1898 551 1920 esse
575 1890 681 1931 atque
704 1888 897 1921 Eusebium
921 1888 1101 1921 consulem
1125 1888 1355 1921 ordinarium
1379 1899 1410 1922 a.
1434 1889 1514 1922 559.
1540 1908 1581 1913 —
1614 1890 1648 1932 2)
1675 1889 1798 1924 Oratio

88 1944 238 1985 confusa
246 1956 260 1985 ,·
284 1945 349 1977 hoc
365 1946 525 1987 apparet,
543 1943 735 1977 Eusebium
751 1945 901 1978 urbanis
917 1945 1122 1978 cohortibus
1137 1944 1320 1987 inculpate
1330 1943 1543 1988 praefuisse,
1554 1949 1679 1988 postea
1698 1946 1799 1990 (nam

89 2003 255 2035 tribunus
280 2000 481 2034 cohortium
503 2001 727 2033 urbanarum
748 1999 1030 2043 perfectissimus
1055 2003 1194 2034 tantum
1221 2001 1416 2044 dicebatur,
1441 2001 1488 2041 cll
1512 2012 1624 2045 supra
1642 2002 1688 2037 Ν.
1712 2003 1798 2046 722)

88 2060 207 2091 virum
243 2057 480 2091 clarissimum
516 2058 552 2088 et
584 2057 807 2090 consularem
841 2057 1056 2101 Campaniae
1091 2068 1163 2090 esse
1196 2056 1346 2097 factum.
1394 2058 1625 2098 (Mommseno
1657 2060 1801 2094 videtur

87 2114 261 2148 Eusebius
283 2112 405 2153 faetus
428 2123 500 2145 esse
522 2114 687 2156 princeps
710 2112 827 2153 officii
850 2114 1053 2147 consularis
1078 2114 1295 2157 Campaniae
1318 2115 1391 2147 viri
1415 2114 1635 2159 clarissima).

200 2279 315 2326 2133
358 2281 394 2320 d.
426 2293 479 2320 m.
505 2280 512 2334 Ι
537 2281 582 2321 Τ.
615 2281 784 2322 Domitio
811 2282 818 2335 Ι
845 2283 1046 2324 Crescenti
1073 2282 1078 2336 Ι
1114 2290 1202 2324 stat.
1234 2296 1294 2337 pr.
1325 2294 1349 2328 7
1384 2284 1389 2339 Ι
1422 2285 1560 2325 Sereni
1573 2287 1598 2334 ¹,
1638 2283 1756 2342 he[r.]
1789 2285 1796 2341 Ι

91 2350 130 2390 b.
161 2362 213 2389 m.
246 2351 272 2389 f.
304 2361 354 2396 c.‚
385 2348 466 2388 mil.
494 2347 500 2402 Ι
527 2361 590 2388 an.
622 2349 684 2397 Vl,
715 2347 844 2406 vixfit]
872 2350 878 2405 Ι
905 2363 969 2390 an.
1000 2350 1105 2391 XXX
1126 2382 1135 2391 .
1159 2382 1168 2391 .
1193 2381 1202 2391 .

203 2415 334 2450 Romae
358 2414 429 2458 (VI
448 2415 540 2448 2952
565 2415 708 2448 Henzen
736 2416 828 2449 vidit
858 2418 1052 2461 ectypum).
1078 2436 1123 2441 —
1150 2419 1181 2459 1)
1205 2417 1346 2451 Statori
1371 2420 1605 2461 praetoriano
1636 2418 1800 2453 centuria

89 2471 224 2506 Sereni.

201 2549 316 2596 2134
360 2552 418 2591 dis
447 2550 630 2591 manibus
666 2550 672 2605 Ι
707 2551 750 2590 L.
781 2552 909 2592 Nonio
940 2552 983 2592 L.
1015 2554 1042 2591 f.
1078 2550 1084 2605 Ι
1117 2553 1280 2593 Martiali
1315 2553 1321 2608 Ι
1358 2560 1494 2594 stator.
1534 2555 1698 2607 August.
1740 2553 1799 2610 ΙΥ

90 2618 227 2668 Prisci,
258 2619 437 2659 militavit
461 2617 467 2672 Ι
495 2619 611 2659 annis
639 2617 746 2658 XXII
777 2631 902 2659 mens.
935 2619 996 2667 Vl,
1023 2620 1030 2672 Ι
1056 2620 1149 2660 vixit
1178 2621 1295 2661 annis
1318 2621 1449 2671 xm,
1477 2621 1483 2676 Ι
1509 2623 1642 2674 posuit
1671 2623 1798 2664 Nonia

92 2683 100 2740 Ι
129 2685 345 2726 Fortunata
374 2685 441 2726 lib.
469 2684 477 2739 Ι
503 2692 671 2738 patrono
699 2684 706 2739 Ι
731 2685 1016 2727 benemerenti.

204 2751 334 2785 Romae
357 2763 430 2795 rep.
454 2755 559 2785 extr-a
582 2754 725 2794 portam
749 2751 1010 2786 Nomentanam
1035 2753 1145 2797 (Bull,
1170 2765 1259 2789 eom.
1285 2754 1370 2788 4886
1389 2765 1428 2797 p.
1450 2757 1525 2796 85).

203 2841 316 2887 2135
362 2843 409 2889 Q.
441 2843 567 2882 Attius
607 2842 748 2883 Florus
780 2842 786 2897 Ι
821 2843 901 2883 11111.
932 2850 1055 2885 stator
1083 2853 1108 2890 Ἰ
1142 2843 1148 2899 Ι
1175 2845 1331 2892 Domiti,
1363 2845 1455 2885 vixit
1481 2846 1487 2900 Ι
1515 2847 1630 2886 annis
1660 2846 1800 2886 XXXX

95 2906 103 2962 Ι
132 2909 307 2950 militavit
342 2908 467 2965 anlnis
497 2909 638 2957 XXIV,
681 2911 773 2950 fecit
805 2909 811 2964 Ι
846 2911 1059 2964 Trophime
1100 2911 1250 2964 libet-{ta
1289 2918 1459 2964 patrono
1495 2910 1502 2967 Ι
1534 2925 1606 2953 suo
1645 2914 1749 2954 bene
1787 2914 1793 2967 Ι

94 2977 274 3017 merenti.

206 3042 335 3076 Romae
357 3054 430 3087 rep.
456 3043 504 3076 ad
526 3045 621 3076 viam
646 3043 825 3077 Salariam
851 3043 967 3083 (Gatti
991 3043 1136 3078 Notizie
1161 3045 1246 3079 4887
1268 3056 1303 3088 p.
1328 3046 1425 3087 257).
