1968 3268
472 140 586 176 Tituli
608 140 768 176 virorum
791 141 828 175 et
849 137 1040 174 mulierum
1063 136 1202 173 ordinis
1224 135 1410 172 senatorii.
1712 133 1795 173 273

84 257 239 300 Romus,
255 258 471 300 temporibus
482 255 684 298 Magnentii
700 256 754 288 vel
768 253 975 297 Nepotiani,
991 263 1095 296 quem
1110 252 1334 286 consulatum
1347 252 1390 284 in
1404 249 1520 291 fastos
1534 249 1705 292 vulgares
1719 261 1793 283 non

84 317 265 357 receptum
296 324 369 346 esse
397 324 470 346 non
501 316 552 345 est
581 314 712 345 mirum
743 311 868 354 (aliter
896 310 939 343 de
963 310 1064 344 tituli
1093 311 1209 342 aetate
1239 308 1467 341 iudicaverat
1487 305 1682 340 Mommsen
1714 308 1792 350 eph.

85 381 139 415 ep.
164 371 182 404 4
203 381 242 414 p.
258 370 336 412 435,
359 370 422 402 sed
443 368 491 409 cf.
517 370 594 411 eph.
618 380 670 411 ep.
687 370 707 401 4
729 379 764 410 p,
781 367 875 411 486).

202 460 316 507 1239
359 462 496 502 Adelfi.
524 460 530 515 Ι
571 461 707 501 Clodio
729 459 884 500 Celsino
905 458 1051 509 insigni
1069 454 1074 511 Ι
1098 463 1137 496 et
1155 470 1190 496 c.
1210 469 1260 505 V„
1282 456 1496 508 praestanti
1519 454 1792 510 benivofllentia

86 531 320 572 auctoritate
339 528 508 584 iusltitia‚
531 529 648 568 corr.¹
670 528 876 580 regionum
904 524 910 581 Ι
937 526 1101 565 duarum
1122 523 1370 564 memorabili
1395 523 1403 577 Ι
1429 530 1470 564 et
1488 524 1794 576 praeteritorum

88 598 273 653 iudilcum
303 597 480 650 exempla
505 594 725 650 virtutilbus
746 594 933 635 omnibus
952 592 1233 646 ευρεῑςτεεΙεο,
1264 592 1361 632 ordo
1391 588 1797 672 splendidis1[s]imus²

87 668 368 714 Beneventane
392 663 399 719 Ι
427 665 590 705 civitatis
619 671 789 717 patrono
815 661 822 717 Ι
848 661 1090 715 dignissimo.

206 744 399 777 Beneventi
428 742 497 784 (IX
516 743 599 777 4576
632 742 725 774 vidit
756 741 967 782 Mommsen,
1006 742 1293 782 recognoverunt
1322 736 1529 776 Hirschfeld
1558 741 1592 770 ei
1623 738 1797 779 Dreuel).

90 821 133 827 —
163 803 193 842 1)
211 800 423 834 Cor-rectori.
447 819 494 823 —
518 801 551 842 2)
575 796 887 843 splendidislbimus
912 797 1013 840 Iopis.
1037 815 1082 820 —
1106 796 1160 828 De
1185 795 1307 829 Clodio
1323 794 1464 835 Adelfio
1485 793 1671 837 praefecto
1694 795 1796 828 urbis

59 865 63 867 “
91 868 126 891 a.
148 856 216 891 551
242 855 291 895 cf.
315 857 496 889 Ammian.
519 856 571 897 46,
587 857 618 895 6,
634 855 658 888 2
684 857 719 887 ei
736 856 926 897 praeterea
951 853 1060 887 Seeck
1083 853 1217 896 Symm.
1239 863 1275 895 p.
1292 851 1395 885 XCV.

205 957 319 1005 1240
361 958 583 1011 Populonii.
610 957 617 1011 Ι
658 958 702 997 L.
733 958 875 997 Aradio
899 957 980 996 Val.
1011 956 1180 996 Proculo
1212 969 1247 994 v.
1280 968 1327 1001 c.‚
1355 954 1362 1007 Ι
1387 954 1547 1006 auguri,
1582 953 1590 1005 Ι
1617 953 1796 1006 pontiflci

92 1028 247 1077 maiori,
273 1027 281 1081 Ι
307 1025 626 1079 quindecemviro
648 1025 769 1065 sacris
790 1025 996 1073 faciundis,
1022 1023 1028 1079 Ι
1055 1025 1233 1077 pontifici
1252 1023 1282 1062 F
1285 1023 1440 1070 laviali²‚
1468 1021 1474 1075 Ι
1500 1022 1675 1074 praetori
1695 1028 1798 1061 tute-

91 1097 177 1144 lari,
203 1095 211 1148 Ι
235 1096 363 1147 legato
393 1106 468 1146 pro
488 1099 672 1145 praetore
691 1092 919 1144 provinciae
939 1092 1178 1141 Numidiae²‚
1204 1089 1211 1146 Ι
1237 1092 1513 1144 peraequatori
1533 1103 1678 1132 census
1705 1103 1799 1143 pro-

93 1164 245 1204 vinciae
276 1162 463 1203 Calleciae
497 1166 594 1208 (sic),
621 1160 628 1214 Ι
654 1159 823 1212 praesidi
855 1161 1080 1212 provinciae
1110 1161 1351 1213 Byzacwae,
1379 1157 1386 1213 Ι
1412 1159 1609 1199 consulari
1639 1160 1800 1211 provin·

94 1231 179 1273 ciae
209 1231 393 1283 Europae
424 1237 463 1268 et
493 1228 703 1276 Thraciae,
729 1225 736 1282 Ι
763 1228 962 1268 consulari
998 1228 1224 1280 provinciae
1254 1228 1428 1276 Siciliae,
1455 1226 1462 1279 Ι
1488 1227 1621 1267 comiti
1651 1227 1803 1266 ordinis

94 1299 274 1347 secundi,
302 1298 309 1352 Ι
335 1297 469 1338 comiti
501 1295 650 1335 ordinis
681 1296 812 1347 primi,
838 1295 846 1348 Ι
871 1296 1103 1347 proconsuli
1123 1295 1348 1348 provinciae
1368 1296 1521 1336 Africae
1549 1296 1633 1335 vice
1660 1294 1667 1349 Ι
1692 1306 1802 1335 sacra

95 1367 286 1408 iudicanti
317 1366 483 1416 eidemq.
515 1364 659 1404 iudicio
690 1376 801 1403 sacro
831 1362 838 1417 Ι
864 1376 936 1415 per
964 1364 1186 1416 provincias
1216 1364 1538 1416 proconsularem
1570 1370 1608 1403 et
1631 1361 1639 1418 Ι
1666 1364 1804 1403 Numi-

97 1435 198 1475 diam
229 1434 436 1487 Byzacium
465 1445 511 1471 ac
541 1431 731 1484 Tripolim
757 1430 764 1484 Ι
791 1431 964 1482 itemque
994 1432 1274 1471 Mauretaniam
1304 1432 1530 1472 Sitifensem
1566 1438 1606 1471 et
1630 1433 1638 1482 Ι
1664 1432 1803 1472 Caesa·

96 1503 268 1543 riensem
297 1499 303 1554 Ι
329 1502 538 1553 perfuncto
569 1499 700 1538 officio
730 1499 1002 1550 praefecturae
1031 1499 1266 1550 praetorio³‚
1294 1497 1302 1551 Ι
1327 1500 1460 1539 comiti
1490 1500 1632 1540 iterum
1653 1499 1804 1540 ordinis

97 1570 215 1624 primi
245 1569 348 1608 intra
379 1568 588 1614 Palatium,
615 1567 622 1620 Ι
647 1567 848 1618 praefecto
880 1566 968 1605 urbi
998 1566 1080 1605 vice
1111 1578 1221 1605 sacra
1250 1566 1393 1606 iterum
1423 1567 1646 1616 iudicanti⁴‚
1674 1566 1681 1621 Ι
1705 1580 1804 1607 con-

99 1637 175 1678 suli
206 1635 437 1676 ordinario.⁵
463 1634 469 1688 Ι
510 1635 611 1674 Huic
641 1646 788 1686 corpus
816 1633 1039 1674 suariorum
1069 1640 1108 1673 et
1141 1634 1500 1674 confectuariorum
1535 1637 1542 1687 Ι
1576 1634 1806 1675 auctoribus

99 1705 280 1759 patronis
311 1717 357 1744 ex
387 1703 528 1743 affectu
560 1702 686 1742 eidem
716 1702 802 1741 iure
822 1701 964 1761 'debito
990 1704 996 1751 Ι
1023 1707 1190 1740 statuam
1230 1707 1398 1753 patrono
1428 1702 1549 1755 digno
1578 1703 1803 1755 ponendam

100 1772 268 1813 censuit.

214 1848 347 1882 Romae
377 1858 450 1891 rep.
482 1850 522 1880 in
550 1850 667 1880 monte
692 1847 812 1880 Caelio
842 1858 874 1880 a.
898 1846 1000 1888 4564,
1034 1849 1134 1879 extat
1163 1847 1202 1879 in
1226 1846 1311 1880 villa
1335 1846 1503 1881 Caeliana
1527 1848 1807 1883 matthaeeos-um

102 1906 270 1948 (1214690
294 1905 386 1937 vidit
401 1905 571 1946 Henzen).
612 1903 749 1937 Similis
771 1902 847 1943 fuit
871 1904 963 1936 basis
986 1904 1097 1936 eidem
1116 1903 1261 1937 Valerio
1282 1905 1433 1938 &oculo
1458 1905 1620 1939 dedicata
1644 1917 1667 1939 a
1683 1906 1808 1939 Puteo·

104 1963 199 1996 lanis
216 1961 410 2003 (V11691).
425 1979 473 1986 -
491 1962 523 2002 1)
550 1959 603 2000 Cf.
626 1970 737 2003 supra
762 1959 807 1993 N.
822 1961 886 1994 705
909 1963 985 1993 not.
1001 1961 1054 1995 42.
1074 1979 1114 1985 -
1133 1962 1167 2003 2)
1184 1961 1236 1993 De
1258 1962 1325 1994 ltoc
1346 1971 1492 1994 munere
1517 1961 1562 2003 cf
1579 1962 1650 1997 Μο.
1668 1963 1704 1997 0.
1721 1963 1810 1997 VIII

98 2030 137 2064 p.
153 2020 229 2053 408.
245 2037 289 2043 -
308 2020 342 2059 3)
368 2017 452 2051 Cum
472 2017 669 2060 proconsul
692 2019 781 2049 esset
794 2016 953 2057 Africae,
978 2019 1077 2050 iussu
1095 2019 1274 2060 principis
1297 2019 1404 2051 etiam
1426 2020 1521 2052 vices
1539 2018 1810 2062 praefectorum

98 2076 287 2119 praetorio
311 2075 386 2117 egit
403 2084 472 2116 per
495 2073 685 2106 dioecesem
700 2071 927 2112 Africanam.
944 2093 983 2098 -
1005 2076 1038 2115 4)
1055 2073 1262 2114 Praefectus
1285 2075 1368 2107 urbi
1389 2073 1464 2114 fuit
1482 2076 1656 2109 stoculus
1678 2088 1712 2112 a.
1727 2077 1808 2111 337.

104 2151 149 2157 —
174 2133 209 2173 5)
233 2133 275 2165 A.
298 2131 375 2164 340.
402 2149 441 2154 -
467 2130 551 2163 Post
573 2131 637 2162 has
660 2130 758 2162 bases
778 2132 916 2173 positas
938 2131 1109 2164 Proculus
1131 2129 1252 2170 factus
1275 2134 1327 2164 est
1350 2134 1479 2164 nerum
1498 2131 1706 2175 praefectus
1728 2134 1811 2166 urbi

104 2199 139 2222 a.
162 2187 279 2231 55413.
327 2186 423 2219 Idem
447 2186 647 2219 celebratur
670 2186 768 2229 apud
790 2187 1043 2230 Symmachum
1067 2198 1120 2230 ep.
1144 2188 1175 2229 4,
1191 2188 1225 2220 2.

219 2252 331 2300 1241
377 2255 440 2294 hic
470 2254 530 2294 bis
560 2255 779 2306 praefectus
808 2255 989 2307 patriae¹‚
1015 2255 1022 2310 Ι
1048 2257 1270 2308 praefectus
1300 2262 1340 2296 et
1368 2257 1471 2296 idem
1498 2258 1505 2305 1

379 2322 443 2361 hic
473 2320 654 2374 Libyae²‚
686 2321 787 2361 idem
819 2321 963 2375 Libyae
989 2322 995 2377 Ι
1024 2324 1239 2376 proconsul
1268 2330 1307 2363 et
1337 2330 1442 2370 ante,
1470 2322 1477 2376 Ι

382 2396 444 2429 ter
473 2390 556 2428 vice
587 2389 654 2440 qui
684 2401 793 2428 sacra
819 2386 825 2436 Ι
851 2390 1034 2430 discinxit
1062 2391 1187 2443 iurgia
1216 2390 1365 2434 iudex³.
1393 2388 1399 2445 Ι

381 2457 522 2497 consul
552 2462 592 2496 et
620 2464 782 2495 aeterno
808 2455 815 2509 Ι
841 2458 1037 2497 decoravit
1067 2459 1228 2497 nomine
1257 2459 1390 2498 fastos.
1417 2457 1425 2511 Ι

384 2525 522 2565 Cetera
553 2524 646 2576 quid
678 2536 889 2563 memorem
917 2522 924 2577 Ι
949 2531 1058 2564 tanto
1088 2525 1162 2565 sub
1191 2525 1319 2565 iudice
1348 2532 1469 2579 gesta,
1496 2527 1503 2579 Ι

383 2605 473 2633 cum
506 2592 716 2632 Proculum
747 2591 876 2631 videas
901 2590 908 2645 Ι
935 2598 1017 2631 toto
1049 2593 1116 2643 qui
1147 2599 1263 2633 natus
1292 2593 1435 2634 honori
1465 2592 1553 2635 est?
1578 2594 1587 2650 Ι

316 2661 531 2713 Collegium
563 2660 782 2700 suariorum
813 2666 980 2711 patrono
1006 2658 1013 2712 Ι
1039 2661 1365 2712 prestantissimo.

54 2773 57 2775 a
228 2737 361 2771 Romae
383 2749 457 2781 rep.
482 2739 533 2770 ibi
555 2739 617 2770 ubi
641 2736 685 2770 N.
703 2736 789 2770 4240
806 2737 874 2776 (VI
888 2736 977 2771 4693
995 2740 1135 2781 saepius
1151 2739 1327 2782 descripta
1344 2751 1434 2775 saec.
1451 2740 1565 2785 XVI).
1581 2760 1626 2766 —
1643 2743 1677 2782 1)
1694 2741 1817 2784 Signi·

113 2794 273 2836 ficantur
303 2795 396 2827 duae
428 2795 589 2827 urbanae
613 2791 866 2836 praefecturae
890 2794 1036 2827 Proculi
1065 2793 1129 2838 (esl
1154 2795 1203 2828 ad
1224 2794 1269 2829 Ν.
1293 2796 1408 2840 4240).
1440 2816 1485 2822 —
1519 2799 1552 2839 2)
1577 2797 1818 2840 Significatu?

117 2850 385 2884 administratio
409 2851 579 2884 dioecesis
602 2848 801 2889 Africanae
825 2848 886 2889 (N.
903 2849 990 2884 4240
1012 2853 1084 2884 noi.
1101 2853 1154 2892 3).
1180 2870 1222 2876 —
1248 2854 1282 2894 3)
1308 2853 1394 2886 Viee
1416 2863 1520 2886 sacra
1544 2853 1721 2886 iudicavit
1738 2855 1817 2897 pri-

116 2916 213 2940 mum
232 2907 429 2951 proconsul
450 2906 613 2948 Africae,
636 2908 766 2939 iterum
792 2907 1005 2950 tertiumque
1024 2907 1231 2950 praefectus
1254 2910 1347 2942 urbi.

229 2973 344 3020 1242
696 2974 915 3027 populonii.
942 2975 949 3029 Ι

388 3042 456 3082 Ille
491 3054 564 3094 ego
594 3054 681 3082 sum
712 3042 920 3091 Proculus,
947 3043 954 3095 Ι
981 3049 1087 3084 totus
1110 3044 1177 3095 qui
1208 3049 1321 3084 natus
1351 3044 1506 3085 honori.
1533 3043 1540 3098 Ι

186 3110 311 3146 Duum,
329 3112 546 3148 lusci-iptioue·
564 3112 700 3141 Latinae.
1506 3112 1547 3146 18
