1968 3268
154 111 236 149 352
393 112 396 114 “
903 114 1022 159 Caput
1044 114 1106 148 w.

266 225 379 271 1709
423 227 459 267 (1.
490 241 542 267 m.
564 241 594 268 s.
621 227 627 282 Ι
655 228 902 280 Repentinus
922 229 1021 282 Aug.
1051 225 1300 282 tahelllarffls,
1332 211 1405 270 vix.
1427 229 1554 284 anl'nis
1571 230 1686 280 XXV,
1712 233 1720 283 Ι
1744 232 1851 273 cole-

152 295 239 346 gius
268 292 439 350 tabelalri
471 299 556 343 (sic)
582 298 775 336 fecerunt.

274 361 435 395 Theveste
460 363 569 405 (VIII
587 363 673 396 4878
695 363 863 395 viderunt
889 363 1090 397 Wilmanm
1113 367 1147 397 et
1170 363 1360 409 Schmidt).

265 452 378 497 1710
492 454 549 493 Fl.
572 454 768 505 Antigona
1217 455 1350 495 Vitalis
1369 458 1469 508 Aug.
1490 468 1530 496 n.

421 522 512 561 vivit
532 529 571 561 et
591 523 818 562 convivatur
904 523 940 562 d.
962 535 1013 562 m.
1035 537 1066 563 s.
1257 523 1482 564 tabellarius

1183 591 1274 631 vivit
1302 598 1342 631 et
1370 591 1559 632 convivat.

422 658 514 696 dum
546 670 631 698 sum
663 658 796 698 Vitalis
825 664 863 698 et
892 659 990 706 vivo,
1021 671 1094 710 ego
1123 660 1198 699 seci
1228 659 1495 712 sepulchrum,

422 726 549 777 adque
579 738 689 765 meos
718 739 867 774 versus,
898 727 989 767 dum
1021 733 1213 774 transseo,
1242 727 1404 779 perlego
1434 732 1474 766 et
1501 727 1598 779 ipse.

419 790 630 849 Dip[l]oma
662 795 801 835 circavi
831 801 951 835 totam
983 796 1144 847 regione
1177 795 1408 847 pedestrem,

421 866 460 900 et
489 861 654 901 canibus
684 863 823 914 prendi
855 863 1012 915 lepores
1041 870 1080 902 et
1108 864 1279 915 denique
1309 863 1456 916 vulpes.

420 930 558 970 Postea
588 930 763 983 potionis
795 931 935 970 calices
964 931 1129 983 perduxi
1161 931 1352 978 libenter;

421 998 542 1037 multa
573 998 788 1038 iuventutis
818 999 904 1045 feci,
936 999 1024 1051 quia
1055 1012 1141 1038 sum
1171 999 1400 1038 moriturus.

422 1066 598 1118 Quisque
627 1067 743 1119 sapis,
774 1067 936 1113 iuvenis,
968 1067 1051 1106 vivo
1082 1066 1153 1106 tibi
1184 1079 1289 1118 pone
1320 1066 1585 1119 sepulcrhum.

265 1129 492 1173 Carthagine,
515 1143 611 1166 nunc
638 1133 795 1166 Tar-vixit·
818 1132 922 1175 (VIII
945 1133 1031 1166 4027
1054 1131 1101 1172 cll
1127 1132 1217 1166 VIII
1237 1132 1272 1166 S.
1295 1133 1404 1166 42468
1427 1133 1518 1165 vidit
1539 1130 1754 1175 Villefoese).

259 1220 369 1266 1711
425 1224 614 1263 Crescens
653 1225 752 1275 Aug.
795 1237 872 1264 ser.
908 1223 914 1277 Ι
949 1237 997 1264 ex
1042 1224 1260 1270 tabellaris,
1310 1224 1399 1275 pius
1434 1223 1440 1275 Ι
1473 1224 1566 1263 vixit
1602 1236 1696 1263 ann.
1732 1222 1846 1271 XLV,

149 1288 340 1343 Felilcitas
369 1291 447 1330 filia
477 1292 543 1344 pio
570 1290 576 1344 Ι
601 1292 703 1344 patri
734 1293 841 1332 fecit.
866 1292 872 1347 Ι
900 1292 947 1331 Η.
979 1305 1010 1332 s.
1042 1303 1076 1331 e.

253 1356 469 1399 Carthagine
482 1369 556 1401 rep.
573 1361 612 1391 in
626 1359 745 1392 eodem
757 1358 918 1401 sepulcro
931 1359 972 1390 in
985 1369 1053 1401 quo
1067 1357 1112 1391 Ν.
1122 1358 1209 1392 1350
1224 1357 1331 1400 (VIII
1339 1357 1375 1390 S.
1389 1358 1500 1391 42625
1512 1356 1603 1390 vidit
1615 1358 1642 1391 1.
1652 1357 1842 1401 Schmidt).

258 1536 370 1583 1712
413 1539 617 1580 Lalemus¹
646 1540 761 1592 Aug.,
793 1541 964 1588 circitor,
992 1538 999 1594 Ι
1026 1541 1187 1580 natione
1206 1541 1347 1593 Lycao,
1379 1539 1532 1580 Donato
1558 1538 1565 1591 Ι
1590 1539 1670 1579 filio
1701 1544 1742 1579 et
1768 1537 1843 1579 sibi

144 1611 182 1645 et
211 1607 293 1646 suis
322 1607 424 1647 fecit.

258 1673 426 1706 Surrenti
450 1674 498 1716 (X
519 1674 579 1707 741
605 1674 697 1707 vidit
719 1675 939 1718 Mommsen).
963 1695 1007 1700 —
1033 1678 1064 1718 1)
1087 1675 1191 1709 Fort.
1215 1675 1369 1709 talemus.

258 1763 369 1810 1713
412 1766 471 1806 dis
500 1778 551 1805 m.
584 1779 613 1806 s.
641 1767 647 1818 Ι
675 1768 913 1818 Peregrinus
936 1769 1035 1819 Aug.
1065 1781 1140 1808 ser.
1167 1767 1174 1818 Ι
1201 1781 1247 1807 ex
1278 1767 1539 1815 circitoribus,
1566 1767 1642 1807 vix.
1672 1779 1706 1806 a.
1730 1765 1843 1815 XLV,

145 1830 151 1886 Ι
184 1832 246 1872 hic
277 1834 374 1873 situs
405 1840 476 1873 est.
504 1834 510 1885 Ι
538 1835 776 1886 Peregrinus
807 1836 858 1875 fil.
897 1836 1072 1887 piissimo
1103 1837 1203 1888 patri
1234 1837 1306 1876 fec.

257 1899 397 1940 Romae,
422 1910 519 1932 nunc
545 1901 690 1933 Pisum-2·
715 1902 785 1938 (VI
804 1902 889 1935 8749
913 1902 1003 1934 vidit
1026 1903 1239 1946 Bor-mann).

257 1989 369 2035 1714
413 1993 448 2032 (1.
479 2006 530 2032 m.
562 2007 592 2033 s.
619 1992 626 2047 Ι
663 1994 815 2034 Primus
846 1995 952 2035 Caes.
981 1995 986 2049 Ι
1014 2008 1052 2034 n.
1091 2007 1226 2034 servus
1264 1993 1537 2046 exlerchitator
1561 1991 1568 2048 Ι
1593 2004 1799 2034 cursorum
1826 1988 1842 2047 Ι

142 2058 236 2098 fecit
254 2059 417 2112 Rogiato
439 2061 548 2099 fratri
576 2059 582 2113 Ι
609 2061 809 2102 carissimo
835 2061 842 2114 Ι
868 2075 951 2109 suo,
982 2063 1044 2102 vix
1064 2063 1190 2118 an'nis
1210 2061 1312 2101 LXX
1331 2074 1383 2100 m.
1405 2062 1458 2101 111
1484 2061 1491 2114 Ι
1516 2062 1554 2101 d.
1583 2061 1663 2109 XV,
1692 2061 1732 2100 h.
1753 2073 1784 2100 s.
1805 2072 1841 2100 e.

255 2136 367 2182 1715
420 2139 457 2179 (1.
497 2152 548 2179 m.
588 2154 619 2179 s.
647 2139 653 2193 Ι
680 2140 905 2192 Campester
942 2143 1041 2195 Aug.
1069 2141 1074 2196 Ι
1102 2143 1241 2182 doctor
1280 2152 1486 2180 cursorum
1511 2137 1520 2194 Ι
1545 2141 1635 2193 pius
1672 2139 1746 2180 vix.
1775 2152 1841 2180 an.

139 2204 255 2252 XXX,
285 2206 324 2245 h.
355 2219 385 2246 s.
417 2219 450 2247 e.

257 2283 368 2329 1716
411 2287 448 2326 d.
479 2299 531 2326 m.
562 2301 592 2327 s.
629 2288 635 2339 Ι
670 2289 833 2328 Saturus
862 2290 986 2341 Augg.
1018 2302 1092 2329 ser.
1121 2288 1126 2341 Ι
1153 2295 1192 2328 et
1221 2284 1428 2344 *Tittcu[s]
1457 2288 1583 2341 Augg.
1612 2299 1688 2327 ser.
1714 2285 1723 2340 Ι
1747 2298 1838 2326 cur-

142 2364 252 2392 sores
280 2354 344 2393 hic
375 2367 406 2394 s.
437 2368 467 2395 s.
495 2352 501 2409 Ι
529 2355 742 2406 Collegium
773 2369 979 2397 cursorum
1010 2363 1048 2396 et
1077 2356 1289 2397 Numidaru
1314 2354 1323 2409 Ι
1349 2356 1454 2396 fecit.

257 2419 474 2462 Carthagine
496 2432 569 2463 rep.
594 2424 633 2454 in
658 2423 787 2456 eisdem
810 2424 1017 2466 sepulcretis
1040 2425 1079 2456 in
1104 2425 1231 2466 quibus
1255 2422 1299 2456 N.
1316 2423 1410 2457 1486.
1426 2423 1513 2456 4550
1539 2418 1644 2461 (VIII
1657 2419 1693 2454 S.
1708 2420 1835 2455 42622.

139 2474 257 2508 42904.
283 2477 421 2519 42905).
462 2478 514 2509 Dr»
539 2480 593 2510 liis
617 2481 824 2512 cursoribus
848 2483 883 2512 et
905 2482 1087 2523 magist
1112 2490 1234 2513 eorum
1260 2479 1305 2519 cs:
1330 2479 1399 2512 Mo.
1426 2489 1453 2512 c.
1472 2477 1559 2512 VIII
1579 2487 1614 2520 p-
1630 2476 1731 2512 4357·

255 2643 368 2689 1717
413 2646 554 2686 Valens
577 2648 793 2689 Germanus
818 2648 825 2703 Ι
852 2651 1192 2691 Germanicianus¹
1219 2650 1224 2705 Ι
1251 2650 1309 2692 Ti.
1332 2648 1503 2689 Caesaris
1529 2647 1704 2700 Augusti,
1730 2646 1738 2701 Ι
1764 2660 1835 2687 na-

138 2712 278 2751 tione*
307 2713 486 2762 Ataeus²‚
516 2728 550 2753 v.
582 2728 616 2755 a.
647 2715 795 2756 XXXV.

226 2823 231 2827 -
251 2788 364 2835 1718
406 2792 548 2833 Bassus
566 2792 572 2848 Ι
596 2793 814 2835 Germanus
832 2793 838 2848 Ι
860 2796 1160 2837 Germanician.¹
1182 2793 1189 2850 Ι
1210 2795 1326 2836 Drusi
1346 2793 1529 2842 Caesaris,
1550 2798 1630 2832 nat.
1652 2789 1659 2846 Ι
1680 2792 1798 2833 Veius
1807 2793 1832 2841 -⁸,

140 2870 174 2896 v.
205 2870 237 2898 a.
269 2859 386 2899 XXX.

254 2935 364 2981 1719
410 2940 516 2980 Felix
536 2940 596 2979 Ti.
622 2940 754 2981 Claudi
780 2939 786 2994 Ι
814 2940 1034 2982 Germanici
1064 2956 1196 2996 eques,
1224 2942 1231 2995 Ι
1257 2942 1412 2983 Charito
1441 2940 1550 2980 fratri
1579 2952 1653 2992 pro
1679 2941 1687 2991 Ι
1710 2941 1828 2981 meri-

137 3002 184 3041 tis
213 3003 317 3043 fecit.
