1968 3268
416 101 531 138 Tituli
553 103 714 138 virorum
737 104 775 138 et
796 101 988 137 mulierum
1011 101 1150 138 ordinis
1173 102 1360 138 senatorii.
1663 102 1744 141 2¹71

154 214 269 263 1&
310 217 466 258 Asterii.
495 215 501 270 Ι
540 217 585 257 L.
615 217 762 258 Turcio
793 218 999 259 Secundo¹
1029 230 1064 258 c.
1093 231 1142 264 v.‚
1169 216 1176 271 Ι
1202 218 1283 258 filio
1312 218 1358 258 L.
1379 218 1498 258 Turci
1529 219 1748 271 Aproniani

41 299 77 326 c.
107 298 160 326 m.
190 299 226 326 v.
250 287 259 338 Ι
283 287 406 339 praef.
437 285 542 334 urbi,
574 287 709 339 nepoti
734 284 742 340 Ι
769 286 812 326 L.
840 286 959 327 Turci
988 285 1161 326 Secundi
1191 298 1226 326 c.
1256 297 1309 325 m.
1338 299 1388 334 v.,
1414 285 1422 338 Ι
1448 287 1603 327 consuli
1631 299 1748 339 prae-

40 355 119 395 tori
147 354 359 407 quaestori,
385 352 393 408 Ι
418 354 551 393 comiti
571 354 855 406 Augustorum,
885 355 1099 394 correctori
1126 351 1132 407 Ι
1159 354 1293 394 Piceni
1323 360 1362 394 et
1383 354 1595 395 Flaminiae
1605 355 1632 402 ²,
1664 355 1747 395 elo-

41 422 204 474 quentia
228 420 236 476 Ι
260 422 406 463 iustitia
436 422 660 474 integritate
690 423 920 462 auctoritate
945 421 952 476 Ι
978 422 1205 474 praestanti,
1237 422 1277 462 in
1300 422 1408 462 omni
1439 423 1610 475 denique
1636 423 1643 479 Ι
1667 423 1747 463 vir-

40 497 125 531 tute
153 491 352 543 perfecto,
391 491 488 531 ordo
514 492 520 542 Ι
546 491 886 543 splendidissimus
915 490 1184 530 Amiterninae
1219 490 1226 543 Ι
1260 491 1424 532 civitatis
1460 491 1512 531 ob
1546 492 1746 544 insignem

41 571 134 610 erga
163 571 206 598 se
232 556 239 612 Ι
264 571 437 599 amorem
466 564 636 611 patrono
666 558 895 611 dignissimo
921 555 929 612 Ι
954 564 1121 598 statuam
1152 571 1199 598 ex
1229 571 1319 599 aere
1344 557 1352 612 Ι
1378 566 1471 612 post
1498 560 1747 600 administra-

40 626 189 666 tionem
218 624 225 680 Ι
249 626 298 666 ad
326 627 507 678 perpetui
540 627 710 666 nominis
735 626 743 680 Ι
768 626 932 678 gloriam
962 626 1079 666 dedit.

155 691 286 726 Romae
310 693 381 736 (VJ
401 694 486 727 4772
512 693 603 726 vidit
625 693 795 736 Henzen).
820 712 859 716 —
892 694 926 734 1)
948 692 1084 726 Frater
1106 695 1159 725 est
1178 694 1435 736 praecedentis.
1466 713 1508 718 —
1542 695 1575 735 2)
1599 694 1660 726 Ad
1681 695 1749 727 Ιιοσ

39 759 170 782 πωπω
188 752 371 791 pertinent
393 744 492 782 ‘tituli
512 760 624 792 supra
646 749 694 783 N.
714 750 797 785 706.
828 749 894 783 729
925 750 1038 791 positi
1060 749 1152 782 aller
1174 748 1331 789 fortasse
1354 762 1387 784 a.
1410 751 1499 792 557,
1531 752 1623 784 aller·
1652 753 1749 784 inter

41 816 73 838 a.
98 807 166 840 540
187 808 223 838 ct
240 808 322 840 350.
345 825 391 832 ·—-
418 805 558 840 Titulus
581 817 684 850 quem
706 808 819 840 meari
841 807 934 839 idem
955 808 1077 848 posuit
1099 810 1152 839 est
1174 806 1336 841 V14775.

152 920 265 968 1231
307 922 360 962 Μ.
385 922 532 962 Maecio
554 922 737 962 Memmio
769 923 888 962 Furio
913 923 1084 962 Baburio
1110 921 1118 977 Ι
1145 923 1365 964 Caeciliano
1387 925 1567 964 Placido¹
1598 938 1634 965 c.
1667 938 1714 973 ν.,
1735 922 1742 976 Ι

40 990 219 1043 pontifici
259 990 416 1039 maiori,
456 991 595 1042 auguri
633 988 805 1043 pulblico
836 1004 874 1043 p.
905 990 951 1029 R.
983 991 1217 1039 Quiritium,
1256 991 1588 1047 quindecemlviro
1622 993 1746 1034 sacris

38 1057 255 1107 faciundis,
296 1057 523 1111 correcltori
554 1059 804 1099 Venetiarum
836 1065 876 1099 et
905 1058 1094 1107 Histriae,
1121 1057 1127 1111 Ι
1153 1061 1353 1111 praefecto
1383 1073 1567 1101 annonae
1594 1061 1705 1101 urbis
1735 1059 1742 1116 Ι

38 1138 172 1166 sacrae
201 1138 291 1166 cum
322 1126 408 1167 iure
437 1126 567 1177 gladii,
598 1128 732 1167 comiti
758 1128 764 1181 Ι
791 1127 941 1168 ordinis
959 1128 1090 1179 primi,
1121 1128 1255 1167 comiti
1277 1128 1452 1169 Orientis
1477 1126 1484 1183 Ι
1510 1130 1677 1182 Aegypti
1707 1136 1747 1169 et

38 1194 355 1247 Mesopotamiae,
385 1192 515 1247 iudilci
534 1207 731 1235 sacrarum
753 1196 1026 1248 cognitionum
1053 1195 1060 1250 Ι
1085 1197 1202 1235 tertio
1212 1196 1239 1243 ²,
1270 1196 1388 1236 iudici
1412 1198 1555 1237 iterum
1587 1211 1635 1238 ex
1664 1194 1745 1253 de}-

36 1261 301 1315 legationibus
330 1263 463 1309 sacris,
493 1262 705 1316 praeffecto
734 1264 932 1316 praetorio
963 1271 1002 1303 et
1031 1264 1150 1304 iudici
1177 1262 1184 1318 Ι
1210 1276 1410 1304 sacrarum
1441 1263 1743 1320 cognitionum}

37 1331 178 1378 tertio,
207 1330 363 1370 consuli
392 1330 626 1380 ordinari0³‚
653 1331 660 1384 Ι
686 1338 855 1384 patrono
885 1333 1200 1384 prestantissimo
1231 1336 1315 1381 (sic)
1350 1332 1354 1386 Ι
1388 1335 1499 1386 regio
1530 1334 1705 1374 Palatina
1737 1336 1741 1387 Ι

37 1398 183 1450 posuit.

151 1463 306 1506 Neapoli
334 1464 436 1504 olim,
466 1465 528 1497 sed
559 1466 699 1507 origine
731 1465 948 1506 Puteolana;
978 1476 1073 1498 nunc
1101 1469 1190 1509 puto
1222 1467 1434 1501 Florentiae
1465 1468 1516 1511 (X
1535 1469 1639 1510 4700;
1670 1469 1746 1502 vidi

39 1520 231 1565 ectypwn).
256 1539 300 1544 —
327 1522 358 1561 1)
380 1520 442 1553 Ex
463 1523 661 1553 maioribus
684 1522 791 1554 liuius
814 1524 886 1555 viri
907 1522 982 1560 fuit
1006 1522 1040 1555 C.
1064 1522 1248 1556 Memmius
1272 1523 1317 1557 M.
1343 1523 1371 1563 f.
1398 1525 1500 1566 Quir.
1519 1525 1745 1558 Caecilianus

39 1577 207 1611 Placidus
230 1576 341 1620 (Bull.
365 1586 459 1609 corr.
478 1577 564 1610 4887
583 1588 620 1620 p.
638 1577 727 1621 479).
755 1597 794 1602 —-
821 1579 855 1620 2)
879 1578 979 1611 tertio
1002 1579 1146 1612 videtur
1169 1590 1241 1612 esse
1264 1580 1460 1622 delendum,
1486 1585 1675 1625 repetitum
1699 1594 1746 1616 ece

41 1634 116 1667 loco
139 1631 325 1673 inferiore.
353 1651 398 1656 —
429 1634 463 1675 3)
487 1632 670 1666 Placidum
701 1634 878 1667 consulem
906 1635 1133 1668 ordinarium
1160 1640 1343 1669 recensent
1365 1636 1456 1676 fasti
1478 1650 1511 1671 a.
1534 1640 1615 1674 545.
1664 1640 1746 1673 Post

39 1691 135 1723 hunc
165 1689 309 1722 titulum
337 1690 494 1732 positum
525 1690 668 1723 videtur
698 1689 820 1730 factus
850 1702 922 1723 esse
952 1693 1059 1724 etiam
1084 1691 1290 1734 praefectus
1311 1695 1428 1736 urhis,
1460 1699 1553 1727 cer-te
1576 1696 1745 1729 Placidus

39 1747 173 1789 aliquis
195 1745 271 1784 fuit
290 1745 494 1789 praefectus
515 1747 600 1778 m-bi
622 1757 656 1779 a.
679 1748 780 1781 5467
804 1747 1013 1790 (chronogr.
1038 1760 1070 1781 α.
1094 1750 1192 1793 554).

154 1847 270 1894 1232
313 1879 517 1889 .......
558 1847 704 1907 [comiti
743 1848 944 1906 OriJIentis
980 1866 1017 1892 v.
1054 1866 1084 1892 s.
1123 1854 1333 1902 iudicanti,
1368 1857 1557 1908 procons.¹
1591 1857 1598 1911 Ι
1632 1870 1742 1910 prov.

39 1918 192 1958 Africae
223 1925 263 1957 et
290 1930 325 1956 v.
356 1931 388 1958 s.
419 1918 626 1965 iudicanti,
661 1918 667 1973 Ι
702 1921 827 1972 praef.
858 1920 968 1960 urbis
998 1928 1037 1960 et
1065 1933 1100 1959 v.
1131 1934 1162 1961 s.
1194 1922 1394 1971 iudicanti,
1424 1922 1577 1978 itelrum
1608 1927 1742 1966 comiti

39 1986 125 2026 ord.
156 1985 272 2038 primi
302 1985 402 2024 intra
437 1984 646 2039 Pallanum,
676 1989 799 2040 praef.
831 1995 976 2041 praet.‚
1008 1988 1159 2028 consuli
1191 1990 1304 2038 ord.²,
1331 1990 1339 2043 Ι
1365 1991 1545 2032 Placidus
1574 1993 1743 2035 Severus

38 2066 74 2092 v.
95 2065 130 2092 c.
153 2052 255 2092 filius
279 2053 380 2104 patri
411 2053 594 2105 religioso
620 2053 627 2108 Ι
654 2062 691 2095 et
712 2056 883 2096 Antonia
904 2056 1143 2096 Marcianilla
1165 2071 1199 2098 c.
1221 2059 1248 2097 f.
1283 2071 1407 2099 nurus
1430 2068 1434 2113 Ι
1457 2073 1596 2101 socero
1626 2075 1742 2103 sanc-

38 2121 202 2160 tissimo.

153 2186 284 2220 Romae
309 2187 382 2230 (VI
400 2186 484 2221 4757
505 2189 598 2221 vidit
620 2189 788 2234 nemen).
812 2209 858 2215 —
885 2193 917 2232 1)
940 2191 1034 2224 Haec
1058 2192 1142 2224 olim
1166 2192 1350 2235 deperdita
1373 2198 1565 2227 servarunt
1589 2195 1743 2229 Smetius

39 2243 183 2286 aliique.
207 2262 252 2267 —
277 2244 310 2284 2)
334 2242 519 2276 Nescimus
542 2255 610 2286 quo
634 2256 741 2288 anno,
770 2257 847 2279 cum
871 2257 998 2280 nomen
1019 2250 1171 2291 perierit
1195 2248 1356 2292 (Bossia-5
1379 2251 1523 2283 titulum
1548 2253 1672 2285 retulit
1694 2253 1744 2285 ad

38 2298 242 2332 Memmium
266 2300 461 2342 Placidum,
491 2303 594 2333 cuius
617 2302 743 2335 titulus
771 2306 822 2335 est
845 2302 888 2336 Ν.
914 2303 1022 2344 4254,
1057 2305 1234 2338 consulem
1261 2307 1336 2339 ord.
1362 2318 1395 2342 a.
1418 2308 1504 2347 545,
1536 2310 1741 2342 coniectura

38 2355 205 2399 incer-ta).

154 2455 270 2501 1233
315 2457 412 2498 lulio
437 2458 654 2500 Eubulidae
673 2458 679 2514 Ι
696 2473 731 2500 e.
757 2474 791 2501 v.
821 2474 924 2501 corr.
945 2463 1129 2503 Tusciae¹
1157 2462 1163 2518 Ι
1188 2464 1344 2514 Xviro²‚
1374 2468 1573 2519 praesecto
1604 2470 1742 2509 aerarii

38 2524 88 2565 s.³
121 2525 293 2573 Saturni,
320 2524 327 2580 Ι
354 2526 404 2565 ob
435 2527 612 2567 inlustria
644 2528 767 2580 ipsius
792 2526 799 2583 Ι
825 2530 961 2569 merita
993 2537 1032 2570 et
1059 2543 1232 2573 amorem
1264 2531 1379 2588 iuxssta
1416 2535 1517 2575 cives
1546 2537 1643 2576 ordo
1675 2537 1739 2577 ln-

37 2591 324 2647 telramnatium
356 2600 537 2646 patrono.

154 2659 380 2692 Interamnae
403 2661 451 2693 ad
474 2660 604 2694 Narem
630 2661 771 2703 (Ter-ni)
797 2662 866 2703 (XI
884 2665 967 2698 4484
992 2665 1082 2697 vidit
1104 2666 1315 2707 Bor-mann).
1340 2687 1383 2692 —
1411 2670 1443 2710 1)
1467 2670 1562 2703 Idem
1586 2669 1741 2709 fortasse

38 2713 238 2748 Eubulidas
262 2719 324 2759 qui
346 2716 422 2756 suit
443 2719 602 2750 vicarius
625 2717 774 2757 Africae
798 2730 830 2754 a.
845 2720 911 2754 544
935 2720 1029 2764 (cod.
1058 2723 1187 2758 Thood
1202 2724 1236 2763 8,
1260 2724 1314 2766 40,
1330 2725 1382 2768 2).
1401 2744 1443 2749 -
1462 2727 1495 2767 2)
1512 2726 1740 2759 Bor-mannus

37 2772 212 2813 cogitavit
234 2772 277 2805 de
292 2773 490 2806 decemvtro
507 2775 607 2806 urbis
624 2774 765 2815 Romae,
790 2775 976 2815 conserens
996 2778 1140 2811 titulum
1155 2790 1265 2823 supra
1282 2780 1328 2813 Ν.
1344 2781 1439 2823 4498,
1463 2784 1501 2814 in
1526 2794 1594 2825 quo
1622 2786 1740 2815 tamen

37 2827 179 2860 videtur
200 2826 312 2867 fuisse
336 2828 416 2871 xm]
440 2830 503 2863 vir.
521 2849 559 2854 —-
580 2831 615 2871 3)
631 2830 822 2899 For-lasse.-
845 2834 984 2866 aerarii
1005 2837 1103 2867 sacri
1125 2835 1349 2876 (Hirschfeld
1374 2838 1490 2873 Ver-w.
1512 2849 1549 2880 p.
1565 2839 1614 2872 25
1638 2849 1672 2871 n.
1690 2838 1739 2879 4).

149 2927 261 2974 1234
306 2927 458 2986 [Flavzo
492 2929 673 2987 Domi'tw]
702 2932 708 2986 Ι
735 2896 902 2975 Leontio
940 2932 991 2992 [v.
1023 2950 1076 2982 c.,
1106 2936 1319 2993 praefectjo
1346 2939 1352 2993 Ι
1378 2941 1577 2992 praetorio
1608 2941 1736 2993 adque

37 2991 267 3052 o[rd]inario
312 2999 486 3039 consuli¹
491 3029 501 3047 ‚
537 2998 543 3052 Ι
580 3000 907 3051 provocantibus
925 3004 1008 3044 eius
1053 3006 1221 3054 meritis,
1268 3018 1367 3058 quae
1411 3020 1483 3060 per
1522 3009 1528 3061 Ι
1562 3009 1739 3060 singulos
