1968 3268
741 107 857 144 Tituli
879 107 1069 144 militares.
1684 104 1765 143 397

59 225 228 279 proinde
256 225 404 266 liberos
431 225 574 265 tollant
602 236 647 264 ac
677 225 710 264 si
739 236 788 264 ex
817 222 975 264 duobus
1003 223 1156 264 civibus
1178 223 1367 264 Romanis
1387 228 1514 264 natos.
1564 226 1609 263 Α.
1631 224 1668 263 d.
1699 223 1774 263 1111

61 306 157 334 non.
195 293 422 334 Decembr.²
459 293 632 334 Galeone
679 292 863 333 Tettieno
911 291 1180 340 Petroniam,
1227 292 1281 332 Μ.
1319 291 1458 332 Fulvio
1496 291 1653 332 Gillone
1690 303 1772 332 cos.

173 362 262 401 coh.
293 361 342 401 vl
372 374 454 414 pr.:
485 361 530 401 L.
562 360 695 401 Ennio
726 360 770 399 L.
802 360 830 399 f.
860 359 954 399 Tro.
986 359 1139 408 Feroci,
1168 359 1292 412 Aquis
1320 359 1521 400 Statellis.⁸

177 429 427 482 Descriptum
456 435 496 469 et
524 428 773 480 recognitum
804 440 852 468 ex
888 426 1019 468 tabula
1049 439 1190 476 aenea,
1228 439 1330 479 quae
1358 428 1435 467 fixa
1464 433 1525 468 est
1553 427 1701 467 Romae
1731 427 1770 466 in

64 497 255 549 Capitolio
284 498 326 537 in
356 497 440 538 basi
469 496 570 537 Iovis
599 495 732 535 Africi.

183 574 327 608 Tabella
351 585 471 618 aenea,
494 585 581 617 pars
600 575 706 617 prior
729 573 903 617 diptychi,
921 583 1037 616 prope
1061 572 1253 617 Kmtondje
1277 573 1440 617 (Tomos)
1464 584 1551 616 rep„
1574 576 1626 606 est
1643 573 1776 608 Vindo-

63 633 176 665 bonae
207 631 282 674 (111
299 641 335 674 p.
358 631 457 675 855).
482 649 526 655 -
560 633 593 672 1)
616 631 660 664 A.
682 631 742 670 76,
783 631 816 671 2)
845 630 870 663 2
901 629 986 663 Dec.
1019 649 1064 654 —
1096 631 1131 672 3)
1163 630 1302 664 Nomen
1336 631 1464 664 militis
1485 631 1630 664 videtur
1655 633 1778 673 postea

64 688 242 721 adiectum
264 690 304 720 in
325 689 442 730 spatio
466 690 572 720 autea
597 697 711 720 vacuo
733 686 870 719 relicto.

177 799 292 846 1994
336 830 512 840 ......
544 798 627 856 [qui
654 813 786 841 eorum
805 813 951 841 umores
969 797 1065 856 non]
1096 799 1256 849 habent,
1287 801 1319 841 si
1340 802 1408 853 qui
1428 813 1567 841 eorum
1591 802 1779 842 feminam

66 870 316 922 peregrinam
345 868 500 910 duxerit
529 869 730 908 dumtaxat
757 869 903 921 singuli
933 869 1111 920 singulas
1147 881 1245 921 quas
1282 869 1413 922 primo
1443 870 1650 918 duxerint,
1688 882 1776 910 cum

66 937 114 978 iis
142 937 313 977 habeant
342 936 572 976 conubium.
622 936 708 976 Hoc
738 948 899 988 quoque
927 937 975 976 iis
1003 936 1150 984 tribuo,
1181 942 1225 976 ut
1245 949 1345 989 quos
1375 949 1491 989 agros
1521 950 1540 977 3
1572 951 1635 978 me
1666 950 1778 978 acce-

65 1005 199 1059 perint
227 1017 370 1057 quasve
408 1017 471 1044 res
508 1004 772 1057 possederunt
811 1004 864 1043 111
897 1005 934 1044 k.
967 1001 1189 1060 [I]anuar.¹,
1230 1005 1308 1045 Sex
1337 1005 1485 1045 Marcio
1516 1006 1666 1054 Prisco,
1706 1006 1778 1046 Cn.

67 1072 226 1112 Pinario
256 1070 421 1112 Aemilio
452 1071 684 1111 Cicatricula
715 1072 826 1122 cos.²,
856 1073 936 1113 sint
967 1073 1177 1113 immunes.

293 1170 302 1180 .
334 1169 345 1179 .
376 1139 422 1179 ΙΙΙ
442 1131 519 1179 ΞΙΧ
543 1138 583 1179 ΙΙΙ
602 1139 643 1179 C.
675 1140 701 1179 f.
733 1139 885 1180 Galeria
916 1141 1121 1180 Saturnini
1153 1136 1337 1196 [C]lunia,
1369 1141 1458 1181 cho.
1489 1141 1525 1181 ΙΙ
1554 1155 1616 1194 pr.

184 1216 318 1251 Tabula
343 1227 473 1257 aenea,
497 1216 659 1260 diptycha·
677 1227 767 1259 pars
786 1219 987 1261 posterior,
1018 1217 1150 1251 Romae
1172 1229 1247 1261 rep.
1273 1229 1306 1253 a.
1330 1218 1415 1252 4894
1444 1224 1484 1251 in
1515 1219 1616 1252 alveo
1644 1217 1780 1251 Tiberis

67 1274 264 1314 (Barnabei
285 1275 506 1307 monumenti
527 1274 659 1306 inediti
681 1273 880 1315 pubblicati
899 1284 968 1316 per
995 1285 1084 1307 cura
1109 1274 1189 1307 dele
1220 1275 1306 1309 Ace.
1331 1275 1390 1308 dei
1418 1275 1546 1308 Lincei
1573 1275 1595 1308 Ι
1618 1286 1656 1318 p.
1687 1276 1782 1320 434).

68 1331 232 1365 Alterum
255 1333 395 1364 tantum
428 1331 522 1363 latus
547 1330 696 1363 tabellae
726 1332 901 1374 scriptum
924 1333 995 1373 est,
1025 1330 1196 1371 alterum,
1230 1341 1322 1374 quae
1351 1330 1428 1371 fuit
1451 1332 1614 1376 diptychi
1642 1334 1781 1376 pagina

72 1389 220 1431 quarta,
243 1397 394 1420 vacuum
417 1388 609 1428 remansit,·
633 1387 777 1420 videtur
800 1389 917 1430 igitur
939 1389 979 1419 in
1004 1388 1071 1420 hoc
1095 1387 1267 1431 diptycho
1290 1388 1392 1421 nulla
1414 1391 1599 1432 scriptura
1623 1391 1784 1423 emtor-ior

70 1442 184 1483 fuisse
211 1445 357 1486 praeter
387 1445 510 1476 notam
539 1445 798 1485 recognitionis
829 1447 862 1476 et
893 1446 1040 1477 nomina
1071 1447 1301 1487 signatorum
1329 1445 1515 1488 deperdita
1548 1456 1628 1478 cum
1659 1447 1783 1479 tabula

69 1501 203 1543 priore.
250 1499 305 1531 De
326 1500 554 1542 imperatore,
587 1501 689 1532 cuius
712 1510 838 1532 nomen
863 1502 902 1532 in
924 1502 1105 1544 principia
1125 1503 1254 1543 periit,
1280 1499 1327 1540 cf.
1352 1504 1424 1535 not.
1449 1502 1481 1537 4.
1504 1503 1541 1535 2.
1565 1521 1608 1526 -—
1635 1503 1667 1544 1)
1701 1503 1785 1535 Dies

71 1556 206 1589 natalis
234 1554 306 1588 Titi
330 1554 445 1597 (Suet.
473 1554 539 1588 Tit.
563 1556 587 1589 2
596 1567 610 1595 ,·
632 1555 853 1598 Phdocalus,
888 1555 923 1589 0.
949 1556 966 1588 1
989 1567 1028 1598 p.
1051 1557 1159 1600 356)‚·
1187 1557 1282 1590 unde
1305 1559 1460 1591 coniecit
1482 1558 1674 1591 Mommsen
1705 1558 1784 1601 (ap.

77 1612 314 1646 Barnabeium
338 1613 362 1645 1.
387 1622 414 1645 c.
435 1622 472 1655 p.
495 1613 591 1654 456),
614 1614 729 1654 ipsum
749 1611 869 1644 Titum
891 1613 1010 1645 natali
1032 1623 1098 1645 suo
1115 1615 1293 1646 veter-anis
1309 1615 1397 1646 haec
1415 1616 1579 1656 praemia
1604 1616 1782 1649 tn'buisse.

74 1688 118 1693 -—
143 1670 177 1711 2)
202 1668 284 1702 Seae.
317 1668 476 1701 Marcius
505 1670 648 1701 Priscus
681 1668 819 1710 legatus
852 1668 987 1712 Lyciae
1018 1672 1053 1701 et
1083 1669 1319 1713 Pamphyliae
1349 1669 1426 1710 fuit
1454 1672 1518 1703 sub
1552 1671 1783 1714 Vespasiano,

74 1727 218 1758 testibus
241 1725 483 1768 compluribus
513 1725 630 1757 titulis
655 1724 788 1768 Lyciae
822 1725 874 1765 (C.
900 1725 927 1758 I.
966 1725 1026 1759 Gr.
1049 1726 1148 1760 4270.
1176 1726 1262 1760 4274
1296 1725 1343 1766 cll
1375 1738 1411 1770 p.
1435 1727 1545 1768 4424,·
1573 1729 1669 1762 Ann.
1699 1730 1785 1762 inst.

75 1783 172 1815 arch.
197 1781 286 1815 4852
314 1792 349 1825 p.
374 1781 459 1822 157;
487 1782 640 1815 Journal
661 1779 708 1820 of
734 1781 813 1814 hell.
837 1782 972 1814 studies
994 1783 1037 1815 40
1055 1794 1094 1826 p.
1119 1783 1166 1817 73
1189 1794 1223 1816 n.
1239 1783 1316 1826 25),
1340 1779 1400 1817 Cu.
1418 1785 1590 1818 Pinarius
1611 1785 1787 1818 Aemilius

75 1837 294 1871 Cicatricula
318 1837 456 1880 legatus
477 1838 685 1870 Pannoniae
709 1848 742 1871 a.
764 1839 809 1871 98
833 1838 967 1882 (dipl).
1014 1838 1156 1872 Certum
1188 1842 1241 1871 est
1261 1841 1380 1882 igitur
1410 1839 1527 1879 fasces
1545 1843 1698 1884 gessisse
1721 1843 1786 1875 hos

73 1894 234 1927 consules
265 1894 480 1937 temporibus
504 1893 726 1928 Flauiorum.
767 1894 975 1928 Mommseni
1006 1897 1212 1929 coniectura
1248 1896 1339 1939 (not.
1363 1897 1399 1941 4)
1431 1899 1465 1929 si
1494 1908 1580 1931 vera
1603 1901 1671 1941 est,
1704 1909 1784 1931 con-

73 1951 167 1983 sules
189 1948 339 1989 fuerunt
359 1953 517 1982 extremo
541 1961 636 1982 anno
653 1951 694 1984 79
719 1950 819 1994 (nam
835 1955 994 1984 extr-emo
1020 1963 1115 1986 anno
1130 1955 1174 1986 80
1198 1953 1289 1986 alios
1305 1954 1465 1987 consules
1480 1953 1592 1994 fuisse
1616 1956 1783 2000 constat).

190 2050 301 2097 1995
345 2053 439 2106 imp.
479 2054 621 2094 Caesar
657 2055 731 2095 divi
764 2055 988 2108 Vespasiani
1021 2058 1047 2096 f.
1083 2057 1331 2097 Domitianus
1369 2060 1570 2110 Augustus
1608 2060 1786 2111 pontifex

76 2121 280 2169 maximus,
311 2121 496 2161 tribunic.
526 2128 708 2175 potestat.
740 2123 787 2171 ΙΙ,
818 2124 911 2176 imp.
944 2124 992 2171 11,
1029 2137 1069 2177 p.
1100 2138 1154 2177 p.
1197 2138 1277 2165 cos.
1307 2125 1395 2165 VllI
1438 2127 1627 2178 designat.
1644 2128 1787 2175 VIIII',

77 2189 124 2228 iis
154 2189 221 2240 qui
250 2189 513 2229 militaverunt
543 2190 695 2240 equites
716 2197 755 2230 et
774 2191 927 2243 pedites
959 2192 1000 2231 in
1031 2192 1102 2232 alis
1125 2193 1302 2244 quinque
1323 2200 1362 2232 et
1382 2194 1616 2234 cohortibus
1647 2208 1788 2235 novem

77 2268 178 2308 quae
215 2256 464 2308 appellantur
493 2247 590 2308 (1)‘1'
634 2257 763 2297 Flavia
816 2258 979 2299 Gemina
1020 2267 1060 2299 et
1098 2262 1145 2311 (2)
1181 2261 1196 2299 Ι
1236 2260 1565 2301 Cannenesatium
1605 2269 1644 2302 et
1675 2264 1723 2314 (3)
1754 2264 1790 2303 ΙΙ

78 2323 206 2363 Flavia
237 2323 399 2363 Gemina
431 2332 470 2365 et
491 2325 540 2375 (3)
571 2324 834 2365 Scubulorum
866 2333 904 2366 et
935 2328 984 2378 (5)
1015 2327 1280 2374 Picentiana2,
1311 2334 1349 2367 et
1378 2331 1425 2377 (1)
1446 2319 1478 2367 Ι
1502 2328 1788 2371 Germanorum

78 2397 118 2430 et
141 2392 190 2442 (2)
217 2391 234 2430 Ι
264 2392 552 2456 Aquitan—orum
583 2398 622 2432 et
615 2394 694 2455 (—3)
701 2382 735 2432 ἶ
760 2397 945 2434 Asturum
978 2402 1015 2435 et
1035 2395 1085 2445 (4)
1098 2385 1132 2434 ἶ
1155 2395 1350 2435 Thiacum
1381 2403 1420 2435 et
1441 2398 1489 2447 (5)
1511 2397 1544 2436 ll
1576 2396 1790 2436 Raetorum

80 2466 119 2498 et
139 2460 190 2510 (6)
208 2449 243 2498 sl
274 2466 311 2499 et
333 2460 382 2510 (Ἴ)
405 2460 453 2500 ΙΙΙ
484 2466 524 2499 et
550 2461 599 2511 (8)
615 2450 694 2500 11—11
721 2462 1008 2513 Aquitanorum
1040 2469 1079 2502 et
1111 2463 1160 2513 (9)
1192 2463 1258 2502 Vll
1288 2463 1536 2512 Raetorum³,
1567 2471 1606 2504 et
1626 2470 1721 2504 sunt
1749 2465 1788 2504 in

82 2525 314 2566 Germania⁴
345 2528 417 2567 sub
450 2527 496 2573 Q.
519 2527 686 2568 Corellio
717 2528 857 2578 Rufo⁸,
896 2530 988 2570 item
1019 2530 1060 2570 in
1093 2531 1150 2570 ala
1173 2530 1331 2571 Claudia
1363 2545 1462 2571 nova
1493 2539 1532 2572 et
1561 2531 1791 2572 cohortibus

83 2593 236 2634 duabus
265 2595 313 2647 (1)
344 2596 396 2635 ΙΙΙ
427 2595 626 2635 Gallorum
658 2602 696 2635 et
726 2597 775 2647 (2)
798 2597 826 2635 V
859 2597 1163 2650 Hispanorum⁶,
1204 2611 1304 2650 quae
1335 2606 1429 2640 sunt
1458 2600 1499 2639 in
1531 2599 1676 2640 Moesia
1715 2599 1789 2639 sub

82 2659 122 2700 C.
154 2661 361 2702 Vettuleno
393 2663 518 2703 Civica
551 2663 732 2712 Ceriale⁷,
774 2665 907 2716 quinis
937 2671 976 2705 et
1013 2666 1161 2706 vicenis
1191 2667 1419 2719 pluribusve
1449 2667 1655 2719 stipendiis
1684 2679 1790 2707 enie-

51 2727 165 2769 -ritis
202 2729 371 2770 dimissis
409 2732 573 2770 honesta
610 2731 816 2780 missione,
860 2745 1030 2785 quorum
1073 2735 1234 2774 nomina
1276 2735 1498 2787 subscripta
1535 2741 1648 2774 sunt:
1697 2734 1792 2786 ipsis

82 2793 217 2836 liberis
246 2797 494 2849 posterisque
515 2810 652 2838 eorum
685 2799 879 2840 civitatem
906 2801 1011 2841 dedit
1043 2808 1081 2841 et
1112 2802 1327 2842 conubium
1349 2814 1438 2841 cum
1461 2802 1663 2849 uxoribus,
1695 2814 1792 2853 quas

84 2867 180 2902 tunc
210 2863 452 2913 habuissent,
484 2877 572 2905 cum
604 2872 662 2905 est
693 2867 825 2907 civitas
855 2868 902 2908 iis
930 2868 1030 2916 data,
1071 2877 1138 2909 aut
1167 2870 1199 2909 si
1230 2870 1296 2921 qui
1328 2869 1495 2909 caelibes
1526 2876 1670 2917 essent,
1702 2881 1791 2910 cum

84 2926 131 2968 iis
161 2942 257 2981 quas
287 2939 422 2984 postea
453 2933 657 2973 duxissent
688 2934 886 2975 dumtaxat
914 2936 1059 2988 singuli
1089 2937 1276 2988 singulas.
1324 2939 1367 2976 Α.
1398 2938 1434 2976 d.
1467 2936 1537 2976 xll
1568 2938 1605 2977 k.
1628 2937 1790 2978 Octobr.

85 2993 135 3033 M.
166 2996 304 3039 Larcio
335 3000 477 3052 Magno
510 3001 696 3053 Pompeio
727 3002 875 3051 Silone,
906 3003 950 3042 T.
982 3004 1142 3044 Aurelio
1175 3004 1317 3050 Quieto
1349 3004 1444 3045 cos?
