1968 3268
135 83 216 122 248
404 117 407 119 Α
870 85 989 131 Caput
1010 84 1094 121 1111.

250 198 364 245 1127
408 199 446 239 d.
475 212 527 240 m.
554 198 559 255 Ι
587 200 636 240 Μ.
663 199 823 240 Antonii
848 200 953 240 Antii
984 200 1109 253 Lupi¹
1139 213 1213 253 pr.,
1241 198 1247 254 Ι
1274 201 1439 253 patricii,
1469 201 1640 253 auguris,
1669 208 1834 255 quaest„

138 267 259 309 sodal.
290 268 402 318 Titii,
443 268 533 308 trib.
560 267 566 320 Ι
593 267 672 307 mil.
703 267 777 320 leg.
809 267 844 306 ΙΙ
874 267 1023 308 Adiutr.
1054 268 1142 320 piae
1171 268 1296 317 fidel.,
1334 268 1440 308 Xvir.
1479 268 1542 309 stl.
1572 268 1674 316 iud.‚
1711 270 1833 321 praef.

139 335 210 375 fer.
237 334 243 389 Ι
269 335 367 384 Lat.,
398 336 510 377 cuius
539 335 769 376 memoriam
789 347 861 387 per
880 335 957 375 vim
978 335 1156 388 oppressi
1177 335 1218 375 in
1244 333 1251 389 Ι
1277 336 1476 389 integrum
1505 336 1724 378 secundum
1752 348 1833 377 am-

138 402 301 455 plissimi
332 403 481 443 ordinis
506 402 512 458 Ι
539 403 763 443 consultum
793 403 972 443 restituta
1002 403 1090 444 est.²
1147 403 1408 455 Sepulchrum
1443 403 1491 444 ab
1532 416 1579 444 eo
1609 409 1795 456 coeptum
1825 401 1835 458 Ι

140 469 319 510 Claudiae
349 470 522 522 Regillae
550 470 664 510 uxori
694 476 733 510 et
761 470 899 511 Antiae
927 470 1177 511 Marcellinae
1207 471 1259 511 fil.
1286 470 1291 526 Ι
1318 471 1473 524 pietatis
1501 483 1594 512 suae
1623 483 1715 524 erga
1744 483 1835 511 eum

137 537 400 578 testificandae
429 538 553 590 gratia
584 545 623 578 et
648 536 654 592 Ι
682 538 854 578 nominis
884 538 967 579 eius
996 538 1037 578 in
1062 544 1300 591 perpetuum
1329 539 1551 579 celebrandi
1580 539 1837 591 perfecerunt

137 606 276 644 atfines
301 604 308 656 Ι
334 605 384 644 Μ.
415 605 591 646 Valerius
620 605 773 646 Bradua
796 606 1018 647 Mauricus’
1048 606 1189 659 pontif.
1222 612 1261 646 et
1280 606 1451 646 Antonia
1471 606 1632 655 Vitellia,
1658 604 1666 661 Ι
1691 606 1803 646 amici
1826 603 1833 661 Ι

137 672 183 719 Q.
215 671 358 713 Fabius
388 673 626 722 Honoratus,
657 673 702 713 T.
731 674 917 714 Annaeus
946 674 1152 714 Placidus.⁴

249 737 379 772 Romae
409 742 515 773 extra
541 742 684 782 portam
711 740 902 774 Ostiensem
933 742 972 774 in
999 741 1184 784 sepulchro
1214 740 1335 774 diruto
1359 750 1449 774 saec.
1473 740 1558 775 XVI
1580 743 1746 781 amunte,
1777 740 1836 774 de-

134 795 356 838 scripserunt
382 796 487 829 multi
517 799 678 830 auctores
707 808 797 830 saec.
821 796 892 831 XV
918 800 954 829 et
976 796 1064 831 XVI
1085 796 1156 840 (VI
1175 796 1292 840 4545).
1323 815 1368 820 -
1405 798 1438 839 1)
1461 796 1682 830 Memoratur
1703 795 1837 830 Antius

137 851 259 894 Lupus
281 853 376 885 inter
399 854 531 886 occisos
554 864 576 886 a
602 852 800 896 Commodo,
825 855 885 886 vit.
912 853 1092 887 Commodi
1116 864 1144 887 c.
1169 853 1200 887 7.
1229 871 1273 877 —
1299 854 1333 895 2)
1359 853 1430 887 Vit.
1454 854 1587 887 Pertin.
1611 863 1640 887 ο.
1663 853 1704 886 7.·
1734 863 1836 886 revo-

138 908 234 940 cavit
254 909 362 941 etiam
386 919 444 942 eos
467 912 533 952 qui
556 909 736 952 deportati
758 908 907 949 fuerant
930 911 1079 942 crimine
1100 910 1306 951 maiestatis,
1332 919 1454 942 eorum
1476 910 1648 943 memoria
1671 910 1835 942 restituta

138 965 201 1005 qui
225 965 333 997 occisi
354 964 511 1004 fuerant.
535 984 581 989 —
606 967 639 1008 3)
665 965 716 1005 Cf.
740 965 784 999 N.
809 965 907 999 4428.
931 984 974 990 -
1000 968 1035 1005 4)
1063 964 1168 1005 Infra
1200 965 1369 1008 insculpti
1391 964 1542 1005 suerunt
1563 975 1686 999 versus
1710 964 1836 998 Graeci

139 1023 175 1052 et
198 1020 334 1063 Latini,
359 1032 511 1064 quorum
534 1023 673 1055 lacerae
697 1025 835 1055 tantum
856 1024 977 1065 partes
1001 1022 1197 1065 descriptae
1219 1024 1315 1056 mni.

254 1131 366 1178 1128
410 1135 461 1175 Μ.
493 1135 665 1176 Valerius
695 1135 846 1176 Bradua
875 1136 1072 1176 Mauricus
1109 1149 1143 1176 c.
1184 1148 1235 1175 m.
1274 1137 1336 1183 v.¹,
1374 1135 1484 1183 cos.²,
1523 1140 1655 1187 pont.,
1693 1133 1837 1175 sodalis

141 1201 408 1252 Hadrianalis,
447 1209 604 1244 curator
642 1216 808 1256 operum
845 1203 1115 1256 publicorum,
1156 1209 1311 1243 curator
1348 1214 1536 1254 aquarum
1565 1214 1696 1243 sacrae
1725 1201 1838 1242 urbis

138 1275 178 1309 et
206 1269 408 1320 Miniciae,
446 1271 619 1311 censitor
656 1271 879 1323 provinciae
906 1272 1191 1323 Aquetanicae,
1231 1283 1386 1323 procos.
1426 1270 1650 1323 provinciae
1679 1269 1835 1309 Africae

138 1336 321 1377 balneum
353 1338 458 1390 quod
487 1339 593 1379 vivos
622 1339 892 1388 inchoaverat,
928 1339 975 1386 Q.
1012 1335 1195 1395 Vi[r]ius³
1233 1338 1423 1390 Egnatius
1453 1337 1650 1390 Sulpicius
1679 1337 1836 1377 Priscus

141 1405 380 1455 consularis,
411 1406 588 1458 pontifex
618 1412 657 1446 et
686 1407 828 1446 flamen
859 1406 934 1446 divi
965 1407 1117 1455 Severi,
1157 1412 1315 1446 curator
1344 1417 1534 1457 aquarum
1564 1417 1698 1446 sacrae
1726 1403 1836 1444 urbis

139 1477 178 1511 et
198 1472 378 1512 Miniciae
408 1473 624 1526 eodemque
654 1480 833 1527 tempore
862 1475 1083 1527 praefectus
1103 1473 1394 1521 alimentorum,
1422 1472 1642 1526 perfectum
1663 1467 1836 1528 Alhi[n}-

140 1536 444 1595 ga[u]nensibus
473 1538 720 1597 a[t]signavit.

251 1607 475 1649 Albingauni
491 1610 529 1640 in
546 1619 611 1641 ora
627 1608 802 1651 Liguriae
819 1608 876 1652 (V
883 1609 970 1642 7785
991 1608 1098 1640 semel
1118 1608 1295 1651 descripta
1310 1618 1400 1641 saec.
1417 1607 1490 1641 XV
1506 1608 1657 1640 exeunte
1680 1606 1839 1638 versibus

139 1672 211 1695 non
235 1662 385 1707 divisis).
403 1683 445 1688 -
467 1665 496 1706 l)
515 1664 741 1698 clarissimae
763 1667 955 1698 memoriae
971 1666 1038 1698 vir.
1054 1682 1098 1689 —
1115 1665 1149 1706 2)
1168 1663 1297 1698 Consul
1317 1662 1394 1704 luit
1417 1663 1623 1697 ordinarius
1646 1673 1678 1696 a.
1695 1661 1767 1696 494.
1791 1680 1837 1686 -

140 1720 174 1760 3)
199 1719 332 1763 quieius
357 1721 535 1762 traditur;
559 1724 705 1755 corre-vi
727 1732 773 1754 ea:
797 1721 900 1754 titulo
919 1721 1078 1761 Vll-541,
1101 1722 1165 1753 ubi
1187 1720 1227 1762 Q.
1244 1721 1367 1755 Vz'rius
1393 1719 1543 1753 Larcius
1566 1718 1747 1762 Sulpicius
1765 1718 1838 1751 ⁴ali-

140 1776 220 1818 quis
242 1780 461 1809 memoratur
485 1787 564 1810 cum
588 1778 707 1810 eodem
731 1778 877 1810 Bradua
901 1777 1065 1828 Maurico
1090 1777 1232 1810 consule
1256 1779 1291 1809 et
1311 1775 1497 1819 pontifice,
1527 1777 1563 1808 et
1582 1774 1619 1809 X
1636 1777 1736 1819 8039,
1762 1774 1835 1809 154.

255 1888 366 1935 1129
410 1891 460 1930 Μ.
477 1892 630 1931 Aufidio
646 1892 851 1941 Frontoni,
870 1890 876 1946 Ι
893 1892 1105 1944 pronepoti
1125 1891 1176 1930 M.
1195 1890 1351 1931 Corneli
1374 1888 1379 1945 Ι
1401 1890 1615 1930 Frontonis
1635 1888 1837 1936 oratoris¹‚

141 1957 325 2006 consulis,
356 1959 529 2010 magistri
556 1957 562 2012 Ι
588 1959 868 2017 imperatorum
898 1960 996 1999 Luci
1026 1965 1064 1999 et
1093 1958 1296 2007 Antonini,
1315 1956 1320 2013 Ι
1340 1958 1520 2010 nepotis²
1549 1957 1675 1998 Aufidi
1706 1955 1837 1996 Victo·

140 2023 219 2063 rini
245 2023 251 2079 Ι
279 2026 464 2077 praefecti
494 2026 596 2075 urbi,
626 2027 686 2066 bis
717 2027 925 2075 consulis³,
953 2026 959 2080 Ι
986 2026 1134 2066 Fronto
1167 2026 1328 2066 consul⁴
1353 2025 1359 2079 Ι
1386 2027 1464 2066 filio
1496 2025 1733 2066 dulcissimo.

254 2092 399 2124 Pisauri
422 2091 588 2135 (Olivieri
611 2103 734 2128 marm.
752 2094 820 2126 Pis.
840 2103 879 2136 p.
893 2094 951 2135 50,
974 2092 1114 2137 LXIX).
1136 2112 1178 2117 —
1201 2094 1232 2135 1)
1255 2093 1369 2126 Huius
1383 2093 1580 2126 Frontonis
1597 2091 1741 2124 titulum
1755 2089 1837 2123 vide

143 2145 246 2186 infra
262 2149 302 2180 in
319 2150 435 2191 capite
452 2149 494 2181 de
509 2150 598 2181 vim‘s
614 2149 791 2183 litteratis.
831 2149 961 2183 Consul
975 2148 1050 2189 fuit
1065 2160 1096 2182 a.
1113 2150 1189 2183 445.
1202 2168 1246 2174 -
1260 2151 1294 2190 2)
1311 2149 1423 2183 Scrib.
1441 2148 1569 2192 nepoti.
1582 2166 1625 2172 —
1638 2148 1672 2190 3)
1690 2147 1725 2180 0.
1736 2145 1837 2186 Aufi-

142 2204 223 2236 dius
249 2205 473 2247 Victorinus,
505 2205 699 2238 Frontonis
731 2207 887 2239 oratoris
914 2215 1043 2248 gener,
1074 2206 1198 2239 consul
1227 2207 1356 2239 iterum
1385 2204 1459 2245 ruit
1485 2215 1518 2238 a.
1542 2204 1621 2238 485.
1644 2222 1688 2227 -
1713 2203 1747 2245 4)
1770 2201 1838 2234 Est

141 2260 190 2293 M.
215 2260 380 2301 Aufidius
403 2261 542 2294 Fronto
568 2262 693 2294 consul
715 2262 923 2295 ordinarius
946 2273 978 2296 a.
995 2262 1068 2296 499.

255 2372 367 2418 1130
412 2375 452 2414 C.
489 2375 640 2415 Fufidio
679 2373 817 2430 Atitico
858 2388 891 2417 e.
928 2356 980 2415 ιη’.
1018 2377 1068 2416 v.¹
1102 2374 1108 2430 ι
1145 2376 1184 2416 c.
1216 2376 1389 2416 Fufidius
1419 2371 1580 2426 Atlticus
1617 2384 1652 2411 v.
1689 2383 1723 2411 ο.
1755 2383 1836 2411 cos.

142 2439 256 2496 fillius
286 2447 326 2481 et
355 2441 522 2496 Neratila
551 2443 755 2483 Marullina
781 2442 787 2497 Ι
814 2456 847 2483 c.
877 2444 903 2482 f.
935 2456 1069 2484 norus.

260 2517 367 2564 1131
414 2520 454 2560 C.
485 2521 641 2561 Neratio
672 2520 834 2576 Fulfidio
855 2522 1037 2562 Anniano
1065 2520 1070 2575 Ι
1098 2521 1223 2562 Fufidi
1253 2521 1368 2561 Attici
1399 2531 1431 2559 c.
1461 2531 1496 2557 V.
1516 2516 1521 2572 Ι
1543 2529 1581 2569 q.
1613 2516 1710 2557 des.2
1738 2512 1838 2570 fil.‚}

142 2587 274 2627 Nerati
295 2587 437 2628 Prisci³
458 2600 538 2627 cos.
565 2586 572 2641 Ι
599 2589 746 2640 nepoti,
774 2588 780 2642 Ι
806 2590 898 2629 Acci
919 2589 1059 2629 Iuliani
1083 2601 1162 2629 cos.
1190 2588 1196 2642 Ι
1223 2586 1444 2641 pronepoti,
1472 2583 1478 2638 Ι
1502 2584 1722 2636 municipes
1742 2584 1835 2623 Sae-

142 2653 319 2709 pinatles.
1870 2691 1873 2693 .

257 2731 370 2778 1132
414 2732 454 2773 C.
485 2733 642 2773 Neratio
671 2731 833 2787 Fufildio
864 2734 1010 2783 Prisco,
1038 2733 1043 2788 Ι
1072 2735 1194 2774 Fufidi
1225 2732 1341 2773 Attici
1367 2732 1373 2785 Ι
1399 2744 1432 2772 c.
1467 2743 1503 2770 V.
1534 2743 1571 2782 q.
1602 2730 1702 2770 des.²
1728 2728 1794 2777 fil„
1828 2726 1835 2782 Ι

144 2801 276 2840 Nerati
307 2800 450 2840 Prisci⁸
479 2813 558 2841 cos.
586 2798 592 2854 Ι
619 2801 765 2853 nepoti,
801 2801 893 2839 Acci
923 2801 1073 2857 Iulialni
1104 2815 1183 2843 cos.
1213 2799 1435 2855 pronepoti,
1463 2797 1468 2852 Ι
1495 2797 1713 2850 municipes
1743 2795 1835 2835 Sae-

170 2868 320 2909 inates.

141 2865 191 2922 ΡΙ
258 2934 406 2978 Saepini
438 2935 477 2967 in
508 2934 654 2968 Samnio
688 2933 753 2977 (IX
774 2935 875 2968 2450.
897 2935 987 2968 2452
1020 2935 1112 2967 vidit
1140 2934 1291 2968 Dressel.
1335 2932 1422 2967 2434
1452 2932 1561 2965 deser.
1595 2929 1760 2972 Curaba).
1789 2946 1836 2953 —

147 2991 177 3032 1)
201 2990 382 3033 Egregiae
405 2993 595 3024 memoriae
619 2993 695 3024 viro
704 3004 717 3033 ;
747 2991 885 3024 saeculo
910 2991 949 3024 II
969 2994 1119 3023 exeunte
1145 2991 1197 3023 vel
1219 2991 1324 3023 tertio
1347 2989 1498 3031 scriptos
1523 2997 1593 3020 esse
1617 2985 1740 3018 titulos
1770 2985 1836 3017 hoe
