1968 3268
140 96 223 135 394
371 121 374 124 «
892 97 1012 142 Caput
1034 96 1098 132 IX.

138 214 288 258 poribus
303 213 482 246 Antonini
497 211 557 244 Pii
571 209 721 251 fuerunt
736 212 776 243 in
799 211 989 244 Pannonia
1011 212 1196 253 superiore
1214 210 1278 255 (cs.
1294 210 1396 251 infra
1410 211 1458 246 Ν.
1473 213 1591 257 2005).
1609 232 1652 238 --
1676 214 1711 256 3)
1724 214 1750 248 2
1766 213 1845 248 Iun.

141 272 194 305 60.
221 287 261 293 --
288 270 322 307 4)
348 268 511 302 cohortis
536 267 627 310 (vel.·
651 268 820 308 cohorte).
846 286 891 290 —
915 268 947 309 5)
974 265 1026 307 Cl'
1049 277 1161 311 supra
1184 267 1229 302 Ν.
1252 267 1326 302 784.

256 383 370 430 1988
413 384 498 423 Ser.
529 382 648 422 Galba
679 383 895 435 imperator
924 382 1064 423 Caesar
1093 384 1270 435 August„
1300 384 1441 436 pontif.
1479 395 1594 434 max„
1628 383 1719 424 trib.
1750 389 1848 437 pot„

143 468 223 495 cos.
254 454 334 493 des.
365 452 436 500 11¹,
466 450 673 497 veteranis,
705 451 772 502 qui
802 450 1067 491 militaverunt
1096 452 1137 491 in
1167 451 1323 503 legione
1361 451 1379 491 Ι
1409 451 1618 501 Adiutrice,
1642 452 1848 493 honestam

144 523 370 562 missionem
411 524 449 559 et
495 519 689 558 civitatem
734 518 875 566 dedit2,
926 531 1094 570 quorum
1134 519 1295 572 nomina
1332 519 1554 572 subscripta
1591 527 1705 567 sunt,
1753 520 1849 572 ipsis

143 589 277 629 liberis
298 588 546 640 posterisque
567 599 720 635 eorum,
753 592 792 626 et
811 586 1028 626 conubium
1050 599 1139 626 cum
1162 587 1364 636 uxoribus,
1387 594 1599 639 quas-tunc
1619 588 1850 629 habuissent

143 670 233 697 cum
263 662 323 696 est
352 656 486 695 civitas
515 655 563 694 iis
591 654 699 702 data,
739 660 806 694 aut
835 654 938 706 siqui
969 654 1137 695 caelibes
1175 661 1327 703 essent,
1368 667 1457 694 cum
1493 655 1540 695 iis
1577 667 1675 708 quas
1711 661 1847 709 postea

143 725 346 764 duxissent
376 724 575 763 dumtaxat
604 721 749 775 singuli
779 722 966 773 singulas.
1017 723 1061 762 A.
1098 723 1135 762 d.
1171 722 1224 762 XI
1255 723 1292 762 k.
1324 722 1420 771 Ian„
1453 723 1671 764 C.,Bellico
1702 723 1848 773 Nataie‚

143 794 185 832 P.
217 792 399 833 Cornelio
431 791 617 843 Scipione
646 790 745 830 cos.3

628 857 807 898 Diomedi
839 858 1065 905 Artemonis
1094 858 1119 897 f.
1151 857 1352 910 Phrygio.⁴

258 923 506 979 Descriptum
537 933 576 966 et
606 925 853 978 recognitum
886 938 931 965 ex
961 925 1093 965 tabula
1133 938 1254 965 aenea
1298 938 1398 978 quae
1433 928 1506 966 fixa
1537 932 1597 971 est
1630 926 1778 966 Romae
1807 926 1849 966 in

146 996 336 1049 Capitolio
368 996 407 1035 in
442 1006 508 1034 ara
538 994 667 1045 gentis
688 993 821 1034 Iuliae.
872 993 930 1032 Ti.
953 993 1076 1033 Iulius
1106 993 1267 1033 Pardala
1292 994 1419 1033 Sard.⁶
1439 1017 1494 1022 —
1516 993 1558 1034 C.
1590 993 1663 1033 Iuli
1694 993 1849 1034 Charmi

145 1064 323 1103 Sardian.
345 1086 400 1092 —
429 1063 489 1102 Ti.
521 1062 654 1101 Claudi
685 1061 774 1107 Qui.
816 1061 943 1100 Fidini
966 1061 1181 1100 Maonian.⁷
1204 1084 1253 1089 —
1287 1060 1329 1100 C.
1360 1061 1433 1101 Iuli
1466 1061 1506 1101 C.
1538 1062 1564 1100 f.
1596 1060 1678 1101 Col.
1707 1061 1848 1102 Libon.

146 1131 257 1171 Sard.
290 1155 345 1160 -
374 1130 432 1170 Ti.
465 1130 654 1169 Fonteius
693 1129 851 1168 Cerialis
889 1129 998 1168 Sard.
1031 1152 1086 1157 —-
1116 1129 1158 1168 P.
1190 1128 1313 1168 Gralti
1345 1129 1386 1167 P.
1418 1129 1444 1167 f.
1475 1129 1584 1168 Aem.
1616 1129 1850 1168 Provincial.

146 1199 322 1252 Ipesius⁸
355 1221 408 1228 —-
439 1197 490 1236 M.
523 1197 611 1236 Arri
641 1197 730 1236 Rufi
762 1196 938 1236 Sardian.

259 1266 468 1308 Diptyclzon
499 1274 664 1305 aeneum,
694 1263 828 1296 Stabiis
858 1262 1143 1305 (Castellamare)
1168 1273 1243 1304 rep.
1274 1273 1306 1295 a.
1331 1262 1436 1304 4688,
1467 1265 1519 1294 est
1540 1261 1750 1296 Florentiae
1782 1262 1853 1302 (ΙΙΙ

144 1333 179 1366 p.
202 1322 277 1357 847.
301 1321 336 1354 Χ
355 1321 445 1365 770).
493 1321 628 1354 Eadem
654 1320 825 1362 leguntur
848 1320 887 1351 in
912 1318 1048 1351 duobus
1077 1319 1162 1351 aliis
1191 1318 1391 1362 diptychis,
1420 1328 1571 1360 quorum
1602 1319 1754 1352 alterum
1777 1329 1850 1362 rep.
1896 1359 1898 1362 ,

148 1381 200 1411 est
215 1382 250 1411 et
265 1381 380 1421 ipsum
400 1378 534 1411 Stabiis
551 1376 625 1416 (III
633 1386 671 1418 p.
684 1377 750 1409 848
765 1374 799 1408 Χ
812 1374 902 1419 774),
920 1374 1071 1408 alterum
1086 1376 1126 1407 in
1139 1374 1312 1408 Sardinia
1329 1373 1438 1417 (Epa.
1454 1385 1506 1417 ep.
1521 1375 1546 1409 2
1560 1385 1595 1418 p.
1607 1376 1672 1408 434
1695 1374 1853 1417 Χ7891),

145 1437 218 1468 nisi
242 1435 338 1477 quod
358 1436 505 1467 nomina
529 1433 655 1466 militis
680 1435 714 1464 et
736 1433 961 1474 signatorum
986 1431 1127 1463 diversa
1151 1433 1244 1464 sunt.
1261 1450 1306 1454 —
1334 1431 1366 1472 1)
1389 1431 1433 1464 A.
1456 1432 1509 1464 68.
1533 1449 1578 1455 --
1602 1431 1636 1471 2)
1660 1430 1852 1474 Legionem

144 1493 301 1534 primam
324 1490 552 1523 Adiutricem
574 1489 682 1531 Nero,
715 1489 890 1530 legionem
912 1488 1103 1520 secundam
1127 1487 1351 1520 Adiutricem
1377 1487 1545 1521 Vitellius
1567 1489 1855 1530 conscripserant

146 1559 220 1581 non
245 1559 262 1580 e
279 1548 414 1580 civibus
432 1546 611 1586 Romanis,
636 1546 699 1583 sed
721 1556 739 1577 e
764 1544 933 1586 classicis,
954 1545 1048 1577 unde
1073 1545 1278 1587 emplicatur
1293 1543 1467 1576 militibus
1490 1554 1537 1576 ex
1558 1543 1633 1576 illie
1656 1543 1854 1587 legionibus

147 1616 240 1637 anno
253 1606 297 1638 68
309 1603 364 1636 vel
377 1603 418 1637 70
431 1602 585 1635 dimissi-s·
598 1602 776 1634 civitatem
795 1601 876 1634 dari
890 1603 1055 1644 potuisse.
1070 1620 1114 1625 —
1129 1602 1162 1641 3)
1179 1602 1226 1634 22
1241 1601 1323 1633 Dec.
1341 1611 1373 1632 a.
1386 1601 1439 1633 68.
1479 1600 1538 1640 (In
1555 1599 1723 1644 diptycho
1737 1600 1853 1634 Sardo

148 1661 309 1704 Scipioni
333 1659 480 1693 additur
502 1659 659 1692 Asiatici
683 1668 897 1700 cognomen,
928 1661 970 1690 ut
992 1668 1103 1700 supra
1127 1656 1173 1690 Ν.
1195 1657 1295 1700 258).
1319 1675 1366 1681 —
1388 1658 1422 1699 4)
1446 1655 1613 1697 1AVD1C.,
1636 1659 1660 1691 i.
1685 1668 1736 1692 ομ·
1759 1656 1854 1690 Lau-

147 1718 261 1760 dicia,
291 1717 439 1750 additur
468 1718 507 1748 in
539 1715 699 1758 eoeemplo
732 1716 921 1748 exteriore.
951 1733 997 1738 ———
1029 1715 1062 1756 5)
1096 1714 1139 1746 In
1170 1713 1281 1746 altero
1316 1713 1486 1756 diptycho
1518 1712 1688 1746 Stabiano
1721 1713 1855 1755 legitur

98 1773 106 1777 '
147 1773 311 1807 Matthaio
335 1772 433 1807 Polai
463 1772 485 1806 f.
512 1771 632 1812 Suros,
666 1772 701 1804 in
725 1771 841 1804 Sardo
874 1770 987 1804 Ursari
1012 1769 1170 1803 Tornalis
1201 1769 1224 1802 f.
1251 1769 1366 1808 Sard.;
1392 1772 1583 1812 praeterea
1613 1772 1652 1802 in
1676 1770 1742 1803 Ιιοι·
1770 1772 1855 1802 ante

147 1840 275 1863 nomen
298 1830 427 1862 militis
449 1830 624 1871 scriptum
649 1831 700 1860 est
724 1828 792 1862 tab.
816 1827 843 1860 Π
867 1837 945 1870 pag.
971 1826 999 1858 V
1024 1827 1089 1860 loc.
1113 1825 1215 1859 XVIII
1241 1825 1304 1866 (cll
1329 1825 1374 1860 N.
1398 1826 1484 1860 4989
1506 1826 1647 1870 not.5).
1662 1845 1706 1851 —
1730 1826 1766 1868 6)
1789 1826 1855 1858 Hic

148 1897 287 1930 quoque
310 1889 375 1918 aut
397 1896 516 1918 omnes
544 1888 609 1918 aut
627 1885 793 1927 plerique
815 1886 920 1916 testes
943 1883 1170 1916 conterranei
1192 1881 1346 1922 fuerunt
1367 1884 1538 1923 veterani,
1564 1885 1602 1916 in
1627 1885 1728 1916 cuius
1750 1892 1854 1916 usum

149 1944 358 1987 diptychum
381 1941 519 1982 factum
544 1945 604 1975 est.
630 1961 671 1965 —-
699 1943 731 1982 7)
759 1940 991 1973 Maeonianus
1015 1939 1122 1982 (Ptol.
1145 1940 1179 1980 5,
1202 1940 1237 1981 2,
1260 1939 1325 1980 21;
1351 1939 1385 1972 C.
1412 1939 1463 1972 VI
1484 1939 1599 1984 2⁶69).
1624 1958 1667 1964 -—
1692 1940 1727 1981 8)
1750 1938 1855 1972 Vide·

149 2003 210 2033 tur
232 1999 439 2042 significari
447 2011 459 2030 .·
481 1998 667 2041 Ephesius,
691 1997 748 2030 vel
769 2007 815 2029 ea>
839 1996 918 2039 Ipso
942 1996 1121 2039 Phrygiae
1147 1995 1233 2038 (Mo.
1261 1994 1296 2028 C.
1320 1995 1375 2028 III
1392 2006 1430 2038 p.
1454 1995 1546 2039 917).

263 2111 377 2157 1989
423 2113 516 2164 imp.
558 2111 817 2164 Vespasianus
848 2110 989 2150 Caesar
1019 2110 1204 2162 August.‚
1244 2109 1431 2149 tribunic.
1469 2114 1636 2161 potest.,
1675 2121 1756 2149 cos.
1781 2097 1853 2158 sp,

149 2181 358 2227 veteranis,
389 2183 456 2232 qui
486 2179 749 2219 militaverunt
777 2178 818 2218 in
850 2179 924 2229 leg.
950 2166 996 2217 ῙῙ
1022 2177 1221 2217 Adiutrice
1250 2178 1313 2230 pia
1342 2176 1478 2225 fidele,
1518 2177 1586 2228 qui
1619 2176 1756 2217 vicena
1783 2176 1854 2216 sti-

151 2249 295 2301 pendia
325 2255 392 2288 aut
430 2248 543 2300 plura
574 2251 803 2286 meruerant
840 2251 879 2285 et
916 2251 1010 2285 sunt
1047 2245 1195 2285 dimissi
1233 2245 1398 2284 honesta
1437 2244 1641 2292 missione,
1683 2255 1853 2295 quorum

153 2318 313 2356 nomina
344 2316 566 2368 subscripta
596 2320 710 2355 sunt:
749 2314 844 2366 ipsis
882 2313 1015 2352 liberis
1052 2313 1299 2364 posterisque
1337 2323 1474 2351 eorum
1504 2311 1697 2351 civitatem
1728 2310 1856 2350 dedit2

151 2392 190 2424 et
223 2385 440 2424 conubium
470 2396 560 2422 cum
599 2381 812 2430 uxoribus,
854 2393 949 2433 quas
992 2386 1088 2420 tunc
1126 2379 1375 2427 habuissent,
1415 2391 1504 2419 cum
1544 2385 1603 2418 est
1639 2378 1771 2418 civitas
1808 2379 1855 2419 iis

152 2453 260 2500 data,
301 2458 368 2491 aut
402 2451 504 2502 siqui
546 2450 713 2490 caelibes
744 2455 895 2497 essent,
935 2460 1025 2488 cum
1055 2448 1102 2488 iis
1133 2460 1230 2499 quas
1259 2453 1395 2499 postea
1425 2446 1628 2486 duxissent
1657 2446 1857 2486 dumtaxat

152 2520 297 2572 singuli
347 2519 532 2570 singulas.
601 2519 643 2556 A.
686 2518 722 2556 d.
768 2518 859 2556 non‘
895 2517 1005 2556 Mart.
1044 2515 1137 2567 imp.
1178 2515 1417 2568 Vespasiano
1457 2514 1618 2553 Caesare
1665 2516 1764 2567 Aug.
1804 2504 1853 2563 sl,

154 2588 317 2627 Caesare
348 2587 455 2637 Aug.
479 2586 505 2624 f.
537 2585 634 2635 cos.³

269 2654 331 2693 T.
360 2654 390 2701 Ι,
421 2665 509 2705 pag.
540 2642 574 2690 V
602 2653 677 2691 loc.
709 2652 929 2691 ΧΧΧΧἯ.5
959 2652 1108 2691 Nervae
1139 2650 1245 2689 Laidi
1274 2649 1315 2698 11,
1345 2607 1560 2688 Desidiatifi

265 2722 515 2774 Descriptum
546 2726 585 2760 et
614 2719 862 2770 recognitum
893 2732 940 2758 ex
969 2719 1101 2759 tabula
1137 2730 1278 2766 aenea,
1318 2728 1418 2767 quae
1447 2717 1522 2755 fixa
1552 2722 1611 2755 est
1642 2716 1784 2755 Romae
1813 2714 1854 2754 in

156 2789 345 2842 Capitolio
376 2789 417 2828 in
448 2788 567 2841 podio
598 2798 686 2839 arae
717 2787 847 2837 gentis
867 2787 988 2826 Iuliae
1018 2787 1139 2826 latere
1163 2786 1300 2825 dextro
1331 2789 1422 2823 ante
1445 2783 1561 2834 signu
1590 2782 1675 2822 Lib.
1706 2781 1856 2834 patris.⁷

155 2857 196 2896 C.
235 2857 346 2896 Helvi
385 2856 523 2908 Lepidi
554 2854 770 2894 Salonitani
802 2877 857 2882 —
895 2853 940 2898 Q.
982 2853 1143 2893 Petroni
1173 2852 1320 2892 Musaei
1358 2850 1540 2891 Iadestini
1570 2872 1623 2879 —-
1655 2849 1698 2888 L.
1729 2848 1856 2888 Valeri
1908 2877 1911 2878 γ

155 2925 269 2963 Acuti
306 2924 469 2964 Salonit.
508 2947 564 2952 —-
602 2922 652 2961 M.
684 2921 793 2961 Nassi
832 2920 980 2960 Phoebi
1020 2920 1183 2959 Salonit.
1223 2942 1284 2972 -—7
1315 2919 1359 2958 L.
1401 2917 1550 2957 Publici
1581 2915 1856 2963 Germulli—

156 2990 203 3036 Q.
235 2991 386 3030 Publici
417 2990 642 3030 Macedonis
673 2988 854 3028 Neditani
884 3010 939 3016 —
971 2987 1018 3033 Q.
1050 2987 1201 3048 Publici
1231 2983 1480 3026 Crescentis-⁸
