1968 3268
253 116 369 154 Tituli
391 115 639 152 ministrorum
661 116 789 152 domus
812 117 1000 160 Augustae
1023 114 1248 151 condicionis
1271 113 1466 151 libertinae
1488 117 1527 150 et
1550 114 1702 150 servilis.
1746 112 1829 152 363

226 229 343 278 1811
391 232 451 273 dis
479 231 631 272 manib.
656 230 664 287 Ι
692 231 836 271 Gamus
870 230 973 282 Aug.
1011 230 1037 270 Ι.
1068 242 1204 283 praep.
1235 229 1321 270 auri
1345 228 1353 285 Ι
1379 229 1525 278 ascari,
1564 230 1657 270 fecit
1685 229 1761 270 sibi
1791 236 1831 270 et

116 299 125 356 Ι
162 301 315 342 Flaviae
344 300 477 354 Tyche
507 299 667 351 coniugi
700 297 708 354 Ι
733 300 837 340 bene
876 298 1068 348 merenti,
1109 304 1150 338 et
1185 297 1337 339 libertis
1370 299 1378 349 Ι
1411 297 1708 350 libertabusque
1745 298 1828 338 suis

115 369 367 423 posterisque
390 367 399 422 Ι
426 380 578 417 eorum,
609 373 649 407 et
672 366 680 421 Ι
706 367 827 407 Felici
856 366 966 408 Caes.
998 379 1039 406 n.
1068 379 1214 407 vernae
1243 366 1515 419 posterisque,
1541 364 1549 420 Ι
1575 372 1614 406 et
1641 366 1686 407 P.
1716 366 1828 406 Aelio

116 438 217 490 Aug.
246 437 273 477 L
304 436 511 477 Constanti
539 436 634 476 filio.

224 502 367 546 Romae,
390 513 488 536 nuno
509 502 719 536 Florentiae
744 501 816 542 (VI
834 502 925 535 8752
951 501 1043 534 vidit
1064 501 1234 542 Hermen).

227 593 341 641 1812
383 594 421 634 (1.
447 606 499 634 m.
526 592 534 647 Ι
559 594 611 633 Μ.
644 593 780 647 Ulpius
810 594 909 646 Aug.
940 593 1008 634 lib.
1035 594 1042 643 Ι
1069 592 1212 633 Hierax
1237 590 1245 647 Ι
1269 593 1520 646 praepositus
1550 593 1636 633 auri
1660 591 1668 647 Ι
1694 593 1828 646 potori

115 661 124 717 Ι
155 663 332 704 Caesafis
361 676 416 712 n.,
443 661 450 716 Ι
476 662 582 702 fecit.

225 728 357 762 Romo
381 728 450 772 (VJ
472 729 565 763 8755
587 728 680 761 vidit
704 726 832 769 Gaui).

227 819 341 866 1813
383 821 421 861 d.
441 833 494 861 m.
518 817 526 873 Ι
547 819 711 860 Britiae¹
734 818 943 859 Communi
961 818 1054 859 fecit
1074 816 1080 871 Ι
1103 818 1240 859 Brittia
1259 818 1430 860 Moschis
1450 819 1620 871 optimae
1642 816 1650 873 Ι
1670 818 1829 872 parenti

113 890 220 930 hene
254 889 304 930 de
342 901 384 929 se
413 889 600 935 meritae,
639 893 680 927 et
714 886 721 940 Ι
755 886 932 927 Gemello
968 887 1069 938 Aug.
1108 886 1178 926 lib.
1216 887 1442 940 praeposito
1479 884 1645 943 argenlti
1681 887 1828 939 potori,

114 957 244 1010 coiugi
260 956 410 1009 optimo
422 952 792 1008 indulgentissilmo,
813 961 853 994 et
869 954 999 995 sibiet
1013 954 1108 1003 suis,
1128 954 1279 995 libertis
1298 954 1595 1007 libertabusque
1612 952 1618 1009 Ι
1637 954 1828 1007 posteris-

112 1038 190 1078 que
218 1036 369 1065 eorum.

226 1090 359 1124 Romae
384 1090 457 1134 (VI
475 1091 565 1124 8729
588 1090 699 1123 deser.
724 1088 879 1122 Smetius
902 1088 1064 1132 aliique).
1090 1107 1135 1114 —
1160 1090 1193 1131 1)
1217 1088 1278 1122 Sic
1301 1090 1512 1132 apographa
1533 1088 1714 1132 pleraque.

229 1180 342 1227 1814
385 1182 424 1222 d.
454 1194 507 1222 m.
538 1194 569 1222 s.
596 1181 604 1230 Ι
630 1180 850 1220 Philetaero
876 1178 884 1234 Ι
909 1180 1009 1233 Aug.
1040 1179 1108 1220 lib.
1138 1180 1351 1233 praeposit.
1379 1178 1386 1233 Ι
1411 1179 1462 1220 31)
1491 1192 1588 1220 auro
1619 1187 1829 1233 gemmato,

116 1245 124 1303 Ι
164 1250 260 1291 1ι1113
290 1250 423 1290 Hieria
447 1247 455 1304 Ι
481 1249 601 1289 Anthi
640 1249 719 1289 filia
744 1247 752 1301 Ι
778 1248 941 1300 coniugi
977 1248 1017 1287 b.
1048 1261 1101 1288 m.
1132 1249 1223 1296 fec„
1249 1247 1257 1302 Ι
1283 1254 1323 1288 et
1350 1248 1446 1297 sihi,
1487 1248 1529 1288 in
1548 1261 1655 1297 suo,
1693 1249 1788 1289 item
1820 1246 1827 1303 Ι

115 1317 184 1357 lib.
214 1317 471 1369 libertabusq.
498 1316 505 1368 Ι
531 1317 739 1369 posterisq.
769 1328 907 1356 eorum
938 1320 997 1363 (In
1022 1320 1149 1364 latere)
1171 1317 1236 1356 hic
1264 1316 1376 1356 locus
1402 1314 1409 1370 Ι
1435 1323 1690 1358 consacratus
1710 1317 1830 1357 habet

115 1385 236 1425 altum
264 1397 304 1437 p.
335 1384 454 1425 XIIIS
483 1391 636 1436 suptus.

228 1450 360 1484 Romae
384 1450 456 1494 (VI
474 1451 562 1484 8754
585 1450 774 1493 aliquoties
797 1450 977 1492 descripta
999 1449 1152 1482 saeculis
1174 1451 1450 1494 superioribus).

229 1539 341 1586 1815
386 1541 424 1580 d.
453 1554 507 1581 m.
534 1540 540 1594 Ι
566 1541 616 1580 Μ.
647 1541 787 1593 Ulpius
815 1543 915 1593 Aug.
950 1541 1020 1581 lib.
1046 1539 1053 1595 Ι
1078 1541 1262 1581 Urbanus
1299 1541 1455 1581 adiutor
1480 1540 1488 1594 Ι
1514 1541 1563 1581 31)
1592 1553 1689 1581 auro
1718 1554 1827 1594 gem-

116 1615 237 1657 mato,
263 1607 270 1662 Ι
295 1608 388 1648 fecit
407 1608 481 1649 sibi
502 1614 541 1648 et
565 1608 573 1661 Ι
599 1608 736 1660 Ulpiae
756 1608 940 1648 Pithusae
966 1607 973 1662 Ι
1000 1608 1159 1660 coniugi
1178 1620 1274 1649 suae
1293 1615 1333 1648 et
1357 1606 1364 1663 Ι
1389 1609 1542 1649 libertis
1571 1608 1827 1662 libertabusq.

120 1675 126 1731 Ι
157 1677 239 1717 suis
266 1675 476 1729 posterisq.
507 1687 660 1715 eorum.

233 1741 364 1776 Romae
388 1741 500 1786 (Bull.
525 1751 613 1776 com.
637 1742 724 1775 4884
745 1752 781 1784 p.
804 1742 874 1785 46).

231 1831 344 1877 1816
387 1834 424 1873 d.
454 1845 508 1873 m.
538 1846 570 1872 s.
597 1833 604 1886 Ι
629 1833 676 1873 Τ.
713 1833 846 1873 Aelius
882 1834 1149 1885 Augustorum
1186 1832 1254 1873 lih.
1293 1830 1537 1885 Almemptus
1575 1834 1623 1874 ab
1663 1841 1828 1887 argento

118 1897 326 1954 scaenilcQ
355 1901 449 1940 fecit
468 1914 510 1941 se
531 1901 617 1941 vivo
638 1907 679 1941 et
698 1901 941 1953 Pomponiae
966 1898 974 1954 Ι
1000 1899 1228 1952 Cleopatrae
1258 1900 1418 1953 coniugi
1445 1913 1552 1950 suae,
1583 1908 1623 1941 et
1642 1902 1686 1942 T.
1707 1899 1829 1958 Aellio

118 1970 218 2020 Aug.
245 1967 311 2006 lib.
333 1967 460 2007 Niceti
489 1969 598 2008 fratri
628 1981 715 2017 suo,
745 1974 784 2008 et
808 1967 815 2015 Ι
842 1968 909 2008 111).
940 1967 1198 2020 libertabusq.
1218 1968 1429 2021 posterisq.
1460 1966 1623 2023 eolrum,
1653 1977 1693 2010 et
1712 1970 1828 2023 Ulpio

118 2034 243 2088 Alypo
272 2047 359 2075 suo.

231 2099 372 2142 Romae,
395 2112 492 2135 nunc
514 2101 670 2145 Neapoli
693 2102 765 2145 (VI
784 2103 870 2137 8754
895 2103 989 2136 vidit
1011 2103 1232 2146 Mommsen).

234 2189 347 2235 1817
391 2191 588 2232 Secundio
620 2193 679 2232 Ti.
707 2192 714 2245 Ι
740 2194 839 2246 Aug.
871 2194 919 2233 ad
949 2201 1130 2245 argentu.

236 2257 368 2291 Romae
391 2258 441 2291 ad
463 2260 558 2292 viam
580 2260 735 2302 Appiam
758 2270 833 2302 rep.
859 2259 930 2302 (V1
948 2260 1034 2294 5746
1056 2260 1150 2293 vidit
1171 2259 1343 2300 Henzen).

233 2336 348 2382 1818
390 2339 544 2378 Anthus
572 2340 671 2390 Aug.
698 2338 704 2391 Ι
730 2351 751 2378 3
782 2339 994 2387 Corinthis‚
1021 2339 1028 2392 Ι
1054 2339 1127 2379 sibi
1158 2346 1197 2378 et
1225 2339 1320 2378 suis.

234 2405 405 2439 Sumenti
428 2403 480 2447 (Χ
497 2405 562 2438 642
585 2404 679 2438 vidit
699 2403 920 2448 Mommsen).

237 2526 349 2573 1819
392 2528 544 2568 Fronto
575 2527 751 2568 Caesaris
776 2527 782 2581 Ι
809 2530 907 2581 Aug.
938 2528 1148 2581 pedisequs
1179 2538 1279 2583 (sic),
1304 2527 1311 2583 Ι
1337 2529 1413 2569 vix.
1444 2540 1538 2570 ann.
1568 2527 1649 2569 XL.

240 2594 354 2628 senae
379 2594 547 2637 Gallicae,
572 2595 713 2636 orig—ine
736 2596 876 2628 urbana
901 2595 971 2637 (VI
994 2596 1082 2629 8995
1106 2594 1199 2628 vidit
1221 2595 1442 2639 Mommsen).

235 2673 349 2720 1820
392 2675 429 2715 d.
450 2687 502 2715 m.
532 2688 564 2715 s.
591 2674 599 2730 Ι
625 2675 731 2715 Felix
762 2676 860 2728 Aug.
890 2687 981 2725 ser„
1012 2674 1150 2728 Spicae
1176 2674 1183 2730 Ι
1210 2676 1251 2724 1.,
1281 2676 1485 2728 pediseq.¹‚
1516 2675 1605 2727 pius
1628 2676 1701 2715 vix.
1730 2677 1737 2725 Ι
1762 2687 1827 2716 an.

121 2741 237 2792 LXX,
267 2743 306 2782 h.
336 2756 367 2783 s.
399 2755 434 2782 e.

159 2806 162 2809 ’
238 2807 455 2851 Carthagine
470 2819 545 2852 rep.
560 2810 601 2841 in
617 2808 736 2841 eodem
751 2807 914 2852 sepulcro
930 2810 969 2841 in
986 2819 1055 2852 quo
1071 2809 1116 2843 Ν.
1133 2810 1232 2852 4550,
1254 2819 1351 2842 nunc
1366 2810 1517 2843 Parisiis
1541 2806 1650 2852 (VIII
1670 2806 1705 2841 S.
1719 2807 1828 2842 42665

122 2864 215 2898 vidit
238 2867 280 2899 A.
306 2866 492 2906 Setiam).
514 2883 560 2889 —
586 2864 619 2906 1)
643 2864 831 2897 macter-ea
863 2864 1019 2899 aliorum
1043 2866 1237 2899 multorum
1257 2865 1546 2909 pedisequorum,
1572 2863 1734 2897 Caesaris
1755 2874 1830 2897 cer·

123 2929 266 2961 vorum,
294 2921 392 2954 tituli
414 2932 461 2954 ex
484 2920 603 2954 eodem
627 2920 789 2963 sepulcro
811 2920 1034 2964 prodier-une.
1083 2921 1135 2962 Cf.
1160 2921 1352 2955 Mommsen
1381 2921 1456 2964 eph.
1488 2931 1542 2964 ep.
1564 2921 1588 2953 5
1616 2930 1652 2963 p.
1676 2919 1759 2962 443,
1792 2919 1829 2954 C.

129 2975 217 3009 VIII
230 2987 269 3019 p.
292 2978 382 3011 4557
406 2979 469 3021 qui
487 2976 696 3021 pedisequos
718 2977 781 3010 hos
791 2980 901 3020 putat
922 2975 1035 3017 fuisse
1044 2979 1297 3021 procuratoris
1320 2977 1496 3010 tabularii
1512 2975 1829 3019 Carthaginem.
