1968 3268
453 168 567 205 Tituli
589 168 752 205 virorum
774 169 1030 206 nonnullorum
1052 167 1093 204 in
1114 168 1246 205 litteris
1270 168 1463 205 clarorum.
1577 194 1581 198 .
1721 165 1807 207 573

107 299 215 328 anno
235 286 283 327 ad
303 283 547 341 aedillitatem
568 291 763 338 promoto,
782 285 901 326 Xviro
927 283 935 340 Ι
959 284 1146 326 sttlitihus
1164 284 1396 335 iudicandis,
1417 285 1563 325 oratori
1589 283 1596 340 Ι
1621 285 1801 333 maximo,

108 352 115 410 Ι
156 354 391 396 decuriones
429 360 469 394 et
505 353 619 407 plebs
654 353 833 394 coloniae
870 351 1170 408 Asculalnorum
1211 359 1377 406 propter
1413 353 1695 394 humanitatem
1734 353 1804 393 ab·

103 422 344 463 stinentiam.
413 425 472 470 (In
509 425 638 471 latere)
678 433 773 461 cura
812 420 1050 476 agentibus!
1084 421 1245 462 Aetrilio
1284 421 1487 474 Prisciano
1517 420 1588 476 etl
1621 421 1803 462 Tettieno

103 489 289 530 Proculo.

217 555 350 590 Romae
379 555 452 599 (VI
476 556 559 590 4544
590 558 732 599 saepius
762 555 940 599 descripta
968 565 1059 589 saec.
1090 555 1202 599 XVI).
1249 555 1387 590 Similis
1416 558 1468 589 est
1495 555 1551 590 VI
1576 557 1663 590 4542
1693 555 1806 589 eidem

105 613 245 646 homini
276 612 440 646 dedicata
472 614 515 646 ab
545 613 792 647 Anconitanis.
816 631 859 636 -
885 614 916 654 1)
948 612 1050 645 Hunc
1081 614 1155 646 nisi
1182 611 1298 652 fallor
1327 613 1595 646 Aristaenetum
1627 615 1806 646 oratorem

104 672 279 702 memorat
299 669 539 703 Philostratus
562 670 625 703 vit.
649 670 747 712 soph.
771 669 808 709 2,
831 668 883 702 44.
924 667 979 709 Cf.
1004 679 1095 712 quae
1119 671 1270 713 exposui
1292 669 1410 703 Herm.
1433 670 1480 703 24
1500 680 1536 712 p.
1560 669 1635 705 458.

217 758 331 806 2935
376 760 420 800 L.
450 760 573 800 Mario
603 760 647 800 L.
677 761 703 799 f.
735 759 846 806 Quir.
882 758 888 814 Ι
921 760 1089 800 Maximo
1119 761 1316 813 Perpetuo
1350 758 1358 813 Ι
1393 760 1625 800 Aureliano¹
1656 761 1765 811 cos.²,
1798 757 1805 814 Ι

105 829 298 869 sacerdoti
329 828 468 876 fetiali,
509 828 584 879 leg.
614 828 739 880 Augg.
777 840 838 880 pr.
868 840 929 880 pr.
965 829 972 878 Ι
1003 829 1182 880 provinc.
1213 828 1347 882 Syriae
1377 828 1537 877 Coelae,
1574 829 1649 882 leg.
1680 829 1809 882 Augg.

105 908 167 949 pr.
183 908 245 949 pr.
272 893 279 951 Ι
305 896 481 949 provinc.
498 896 729 936 Germaniae
746 896 956 943 inferioris,
977 896 1069 936 item
1095 895 1102 949 Ι
1127 897 1303 949 provinc.
1320 896 1513 948 Belgicae,
1534 897 1623 936 duci
1644 897 1806 937 exerciti

107 967 193 1012 (sie)
214 962 383 1020 Mysialci
408 971 503 1018 aput
522 965 750 1018 Byzantium
783 970 821 1003 et
839 970 932 1015 aput
952 964 1217 1016 Lugudunum
1226 964 1252 1013 ⁸,
1279 962 1287 1018 Ι
1313 964 1388 1016 leg.
1410 964 1485 1016 leg.
1507 964 1523 1003 1
1544 964 1693 1014 Italic.⁴‚
1723 977 1806 1004 cur.

107 1030 190 1071 viae
217 1031 402 1081 Latinae,
437 1032 444 1085 Ι
477 1033 569 1072 item
608 1033 707 1084 reip.
738 1031 1065 1079 Faventinorum‚
1104 1032 1243 1072 allecto
1283 1030 1398 1086 initer
1436 1032 1676 1084 praetorios,
1714 1032 1806 1072 trib.

105 1098 213 1152 pleb.
233 1099 452 1149 candidato,
478 1099 486 1155 Ι
513 1100 709 1152 quaestori
730 1099 897 1147 urbano,
927 1099 1018 1139 trib.
1041 1099 1156 1139 laticl.
1178 1099 1252 1152 leg.
1280 1098 1286 1154 Ι
1311 1099 1416 1139 ΧΧΙΙ
1438 1100 1610 1152 Primig.‚
1640 1101 1732 1140 item
1754 1100 1806 1140 111

106 1165 275 1214 Italicae,
301 1165 308 1220 Ι
333 1167 406 1207 1111
441 1171 524 1215 (sic)
554 1167 703 1208 viarum
735 1168 1013 1215 curandarum,
1048 1167 1054 1220 Ι
1088 1167 1138 1207 Μ.
1170 1167 1292 1207 lulius
1320 1167 1592 1208 Artemidorus
1617 1168 1624 1222 Ι
1650 1169 1726 1221 leg.
1753 1168 1807 1208 111

106 1233 352 1287 Cyrenaicae.

220 1301 335 1347 2936
378 1303 423 1343 L.
446 1303 567 1343 Mario
588 1303 757 1342 Maximo
783 1302 790 1356 Ι
816 1303 1012 1354 Perpetuo
1043 1302 1276 1342 Aureliano¹
1304 1301 1311 1355 Ι
1338 1314 1371 1342 c.
1397 1315 1445 1351 v.,
1474 1304 1598 1356 praef.
1628 1303 1769 1352 urbis‘‚
1801 1301 1808 1358 Ι

106 1371 336 1423 proconsuli
374 1371 551 1423 provinc.
586 1373 592 1421 Ι
636 1371 748 1410 Asiae
786 1370 965 1419 iterum⁶,
1005 1368 1013 1423 Ι
1052 1371 1280 1422 proconsuli
1319 1371 1495 1423 provinc.
1530 1370 1537 1424 Ι
1572 1370 1761 1419 Africae⁷,
1801 1371 1808 1426 Ι

106 1437 159 1477 Μ.
176 1438 298 1478 lulius
313 1438 471 1478 Cerialis
494 1436 499 1489 Ι
522 1438 722 1478 Maternus
738 1451 783 1477 ex
800 1437 971 1490 civitat-l
994 1437 1336 1486 Foroiuliensium,
1358 1446 1397 1487 7,
1425 1437 1431 1492 Ι
1457 1444 1624 1490 patrono
1646 1439 1809 1492 optimo.

221 1503 370 1545 Romae,
402 1507 500 1538 bases
524 1505 630 1545 duae,
662 1514 814 1548 quarum
839 1504 987 1536 alteram
1012 1506 1148 1536 constat
1168 1507 1345 1547 repertam
1378 1515 1449 1536 esse
1478 1506 1517 1537 in
1547 1509 1666 1538 monte
1690 1505 1807 1539 Caelio

111 1563 127 1603 (
132 1561 184 1594 VI
203 1561 299 1594 4450.
332 1561 418 1594 4452
450 1561 540 1593 vidit
563 1561 732 1604 Henzen).
765 1580 810 1585 -—
844 1562 876 1602 1)
906 1560 1074 1593 Eiusdem
1105 1560 1217 1593 Marii
1246 1559 1398 1593 Maximi
1423 1564 1610 1603 praeterea
1640 1562 1809 1594 habemus

110 1618 210 1650 bases
238 1618 326 1650 duas
354 1619 510 1650 urbanas
535 1616 605 1660 (VI
625 1617 718 1650 4454.
742 1616 864 1660 4455),
896 1618 929 1648 et
952 1617 1049 1658 ipsas
1071 1620 1230 1659 repertas
1252 1618 1292 1649 in
1316 1619 1434 1649 monte
1458 1617 1592 1657 Caelio,
1620 1618 1685 1649 ubi
1707 1617 1810 1650 aedes

109 1673 222 1707 Marii
246 1673 403 1707 Maximi
426 1672 538 1712 fuisse
560 1673 742 1713 videntur,
774 1673 1007 1705 Ardeatinam
1039 1671 1089 1715 (X
1107 1672 1204 1712 6764)
1225 1674 1379 1715 positam
1410 1684 1443 1706 a.
1468 1674 1556 1713 225,
1591 1674 1809 1707 Veliternum

112 1728 164 1772 (X
174 1729 290 1774 6567),
311 1730 484 1763 mutilam.
525 1729 664 1762 Marius
681 1729 861 1762 Maximus
882 1730 945 1771 qui
968 1730 1061 1760 vitas
1084 1731 1337 1771 imperatorum
1360 1730 1505 1772 scripsit
1519 1730 1610 1762 idem
1627 1740 1699 1762 esse
1714 1730 1808 1762 vide-

112 1789 182 1820 tur.
222 1786 281 1820 Ad
303 1787 459 1819 homines
475 1786 627 1818 eiusdem
643 1787 768 1828 stirpis
785 1787 968 1827 pertinent
984 1785 1082 1817 tituli
1096 1795 1205 1827 supra
1222 1784 1265 1818 Ν.
1283 1785 1377 1819 4465.
1393 1785 1485 1821 4466,
1501 1787 1600 1820 4589.
1639 1786 1809 1819 Eiusdem

111 1844 236 1886 stirpis
258 1841 333 1882 suit
357 1842 495 1876 Marius
518 1844 711 1885 Perpetuus
742 1841 864 1874 consul
893 1841 968 1873 ord.
997 1851 1029 1874 a.
1052 1841 1122 1874 257
1146 1840 1280 1883 (Herm.
1303 1842 1352 1875 22
1374 1854 1409 1885 p.
1432 1842 1528 1886 544).
1552 1861 1594 1866 -—
1621 1844 1654 1885 2)
1680 1842 1813 1876 Consul

112 1897 188 1938 fuit
198 1899 367 1940 suffectus
378 1901 441 1932 sub
456 1899 595 1939 Severo,
612 1909 683 1931 non
698 1900 781 1930 ante
796 1908 829 1931 a.
842 1896 905 1930 497
922 1895 985 1936 (cf.
999 1897 1174 1939 Borghesi
1191 1908 1268 1941 opp.
1280 1899 1315 1939 5,
1326 1899 1399 1938 464,
1417 1901 1500 1931 item
1515 1902 1589 1932 not.
1603 1899 1657 1940 5).
1696 1898 1809 1932 Multo

111 1959 235 1999 postea
261 1955 386 1988 consul
409 1957 539 1988 iterum
563 1954 684 1994 sactus
709 1957 769 1996 est,
802 1953 1010 1987 ordinarius
1034 1965 1066 1987 a.
1090 1954 1172 1987 225.
1196 1972 1239 1977 -
1264 1955 1298 1995 3)
1322 1954 1410 1987 Dua·
1441 1957 1619 1988 exercitus
1643 1955 1811 1988 Moesiaci

114 2012 212 2055 apud
235 2011 450 2056 Byzantium
474 2009 549 2050 suit
572 2013 628 2051 (ut
644 2010 735 2043 vidit
750 2010 966 2052 Borghesius
982 2020 1060 2053 opp.
1076 2012 1110 2050 5,
1127 2010 1222 2054 462),
1245 2020 1322 2043 curn
1340 2010 1556 2054 Byzantium
1580 2023 1603 2044 a
1618 2011 1809 2055 Ne‘grianis

116 2071 304 2108 teneretur,
329 2068 406 2100 dua:
428 2068 582 2100 eiusdem
607 2067 706 2111 apud
720 2066 946 2108 Lugdunum,
971 2077 1048 2099 cum
1066 2067 1215 2100 Severus
1238 2077 1310 2100 non
1335 2067 1439 2109 longe
1463 2068 1505 2100 ab
1530 2067 1593 2100 illa
1617 2069 1704 2100 urbe
1728 2078 1807 2100 cum

116 2125 240 2158 Clodio
265 2125 395 2158 Albino
426 2124 634 2165 confligeret
664 2122 712 2165 (a.
737 2123 828 2167 497).
874 2122 956 2155 Non
981 2123 1091 2156 multo
1115 2126 1240 2166 postea
1264 2123 1408 2156 videtur
1430 2124 1555 2156 consul
1584 2122 1703 2164 factus
1725 2135 1809 2164 esse,

115 2183 210 2214 cerie
241 2183 429 2223 antequam
456 2180 681 2212 Germaniam
710 2179 899 2221 regendam
930 2181 1133 2222 susciperet.
1157 2198 1199 2203 —
1225 2182 1259 2221 4)
1283 2179 1393 2222 Legio
1421 2182 1540 2222 prima
1572 2180 1698 2213 Italica
1722 2190 1811 2223 pars

115 2236 190 2277 fuit
217 2239 397 2270 exercitus
418 2238 626 2279 provinciae
652 2235 805 2268 Moesiae
813 2248 827 2276 ‚·
853 2245 932 2267 cum
956 2236 1062 2267 huius
1085 2236 1235 2278 legionis
1260 2237 1399 2278 legatus
1422 2239 1520 2278 esset,
1543 2236 1685 2269 videtur
1705 2247 1810 2279 prae-

114 2295 251 2336 positus
274 2304 346 2326 esse
368 2293 660 2326 vexillationibus
685 2292 864 2334 legionum
888 2290 1051 2331 Moesiae,
1077 2290 1123 2330 cl'.
1146 2302 1255 2334 supra
1271 2291 1316 2325 Ν.
1333 2292 1420 2326 4455
1444 2295 1516 2326 not.
1532 2293 1563 2332 4,
1580 2292 1662 2325 4447
1685 2295 1757 2326 not.
1774 2292 1806 2325 7.

115 2368 161 2376 -
185 2351 220 2392 5)
244 2348 451 2389 Praefectus
473 2350 556 2382 urbi
577 2350 640 2381 sub
662 2348 825 2381 Macrino
850 2347 936 2388 (Dio
959 2348 1013 2389 78,
1036 2347 1087 2381 44.
1102 2349 1175 2389 56).
1193 2366 1233 2371 -
1262 2349 1295 2389 6)
1319 2348 1516 2381 Proconsul
1535 2349 1644 2381 Asiae
1667 2350 1809 2391 iterum,

115 2406 157 2438 id
178 2409 229 2439 est
244 2409 286 2439 ut
299 2406 442 2438 videtur
455 2415 519 2448 per
535 2405 622 2438 duos
638 2415 750 2438 annos
766 2406 963 2443 continuos,
987 2402 1062 2442 fuit
1078 2403 1258 2436 Maximus
1276 2404 1462 2438 Caracalla
1482 2406 1520 2438 in
1537 2405 1623 2438 Asia
1646 2407 1810 2438 morante

117 2465 168 2502 (a.
183 2464 267 2496 circ.
279 2461 409 2505 24415),
434 2463 518 2494 teste
541 2460 646 2493 titulo
667 2460 882 2504 Thyatireno
908 2460 989 2493 bull.
1014 2459 1057 2492 de
1074 2470 1166 2493 corr.
1184 2460 1262 2493 hell.
1279 2460 1330 2500 40,
1347 2461 1418 2494 447.
1434 2479 1480 2486 -
1496 2463 1530 2502 7)
1551 2460 1634 2494 Tam
1658 2460 1809 2501 Africae

117 2529 222 2562 quam
234 2518 343 2551 Asiae
357 2517 600 2559 proconsulem
614 2517 811 2550 Maximum
827 2515 939 2555 fuisse
951 2519 1032 2548 ante
1045 2526 1175 2548 annum
1188 2516 1261 2550 225
1276 2517 1428 2549 ostendit
1442 2517 1567 2550 titulus
1578 2517 1811 2550 Ardeatium.

229 2595 342 2642 2937
385 2597 589 2637 Vocontio.
622 2595 627 2651 Ι
664 2597 706 2636 Ρ.
742 2596 800 2635 Fl.
831 2596 996 2636 Pudenti
1029 2595 1334 2651 Pompoflniano¹
1369 2610 1403 2637 c.
1434 2610 1489 2645 v.,
1529 2610 1619 2650 erga
1656 2596 1663 2650 Ι
1696 2598 1812 2637 civeis

119 2665 364 2718 patriamque
390 2663 397 2719 Ι
431 2664 579 2716 prolixe
610 2665 773 2712 cultori,
813 2664 1019 2717 exlercitiis
1047 2664 1279 2705 militaribus
1313 2666 1319 2715 Ι
1351 2666 1512 2713 effecto,
1550 2662 1811 2715 multifarilam

115 2731 324 2785 loquentes
364 2731 524 2787 litlteras
562 2731 782 2784 amplianti,
829 2731 1004 2786 Atlticam
1046 2732 1264 2772 facundiam
1304 2730 1546 2785 adlaequanti
1585 2732 1763 2772 Romano
1803 2730 1811 2785 Ι

118 2801 259 2847 nitori,
293 2799 299 2853 Ι
327 2800 422 2840 ordo
453 2799 580 2839 incola
612 2799 730 2838 sontis
764 2796 770 2850 Ι
804 2805 971 2851 patrono
1002 2800 1081 2839 oris
1110 2799 1243 2839 uberis
1278 2801 1284 2850 Ι
1319 2806 1357 2839 et
1387 2799 1565 2846 fluentis,
1606 2795 1775 2854 nostr[o]
1805 2798 1810 2852 Ι

120 2868 231 2909 alteri
261 2867 373 2907 sonti.

239 2933 461 2976 Thamugadi
485 2935 521 2965 in
545 2932 639 2975 soro,
663 2934 756 2965 basis
781 2932 908 2966 litteris
931 2933 1132 2966 uncialibus
1156 2933 1262 2975 (Vm
1282 2932 1371 2967 2594
1396 2933 1488 2965 vidit
1515 2932 1745 2977 Wilrnanns).
1767 2951 1812 2958 —

124 2992 158 3032 1)
184 2989 336 3023 Videtur
357 2992 538 3032 scripsisse
556 2991 797 3031 grammatica
821 2989 1015 3032 quaedam,·
1039 2999 1120 3022 nam
1146 2992 1208 3021 vix
1232 2988 1392 3021 diversus
1421 2992 1472 3021 est
1496 2988 1643 3021 Flavius
1668 2990 1812 3032 Pompo-

122 3048 255 3080 nianus
279 3048 408 3079 citatus
432 3056 453 3077 a
479 3045 639 3079 Charisia
660 3056 698 3089 p.
717 3045 779 3079 445
795 3045 847 3079 ed.
873 3044 950 3078 Keil
973 3044 1127 3088 (monuit
1150 3045 1341 3078 Buecheler
1363 3055 1450 3077 mus.
1477 3044 1582 3078 [then.
1600 3046 1643 3078 42
1667 3056 1701 3087 ρ.
1719 3045 1814 3089 478).
