1968 3268
204 110 230 147 6
965 108 1084 154 Caput
1106 109 1134 143 I.

204 226 239 256 et
261 223 305 256 de
327 233 371 255 ea
391 233 432 255 re
455 222 570 255 edicta
589 232 657 264 per
681 225 792 255 totam
808 222 952 255 Italiam
975 223 1070 254 mitti
1094 232 1115 253 a
1140 221 1345 254 consulibus
1369 223 1507 255 censuit
1519 225 1676 263 senatus,
1701 225 1787 255 testo
1802 221 1908 256 Livio

202 281 261 321 59,
277 280 318 314 44
342 277 389 318 cll
408 278 477 312 Cic.
495 279 538 312 de
555 279 623 321 leg.
638 280 674 320 2,
691 278 744 320 45,
760 278 816 313 57.
864 278 906 311 In
931 279 998 311 hac
1023 277 1145 311 tabula
1169 278 1338 310 habemus
1362 277 1510 311 tabellae
1525 277 1590 318 (cll
1607 289 1640 312 v.
1651 279 1714 322 29)
1738 279 1813 311 eive
1836 281 1908 321 epi-

204 335 335 369 :tutam
359 335 401 368 de
424 346 465 368 aa
489 345 529 368 re
552 335 656 367 datas
679 335 728 368 ad
748 337 994 377 magistratus,
1024 336 1067 366 ut
1087 333 1241 376 videtur,
1272 334 1346 366 vici
1372 334 1527 367 alieuius
1550 337 1635 405 agri
1660 334 1818 368 Tourani
1842 333 1908 374 (os.

206 402 240 426 υ.
255 392 330 434 50),
354 401 433 424 oum
454 393 651 434 praemiosa
673 394 777 434 parte
798 393 944 423 senatus
968 390 1134 423 consulti.

590 592 796 642 Senatus
833 593 1104 642 consultum
1142 593 1201 642 de
1236 593 1532 642 Tiburtibus.

319 693 375 737 19
406 695 451 735 L.
475 694 682 734 Cornelius
713 694 783 734 Cn.
814 695 842 734 f.
872 707 934 747 pr.
964 707 1048 735 sen.
1079 707 1188 735 cons.
1219 707 1253 734 a.
1275 695 1311 734 d.
1342 694 1395 734 111
1417 707 1544 735 nonas
1564 694 1683 735 Maias
1711 694 1786 735 sub
1814 694 1910 735 aede

206 764 410 804 Kastorus.
438 761 444 815 Ι
471 762 556 801 Ser.
583 761 659 802 adf.
682 762 726 801 A.
748 762 916 802 Manlius
935 764 979 802 A.
1001 763 1044 810 f.‚
1076 763 1164 802 Sex.
1185 763 1306 803 Iulius
1328 792 1339 802 .
1360 792 1369 803 .
1392 792 1423 811 .,
1455 762 1498 802 L.
1519 762 1744 803 Postumius
1773 762 1814 803 S.
1842 762 1869 803 f.
1903 759 1910 815 Ι
1940 768 1943 770 ’

320 830 434 877 Quod
463 829 672 869 Teihurtes
700 829 850 881 v(erba)
882 830 1060 880 s(ecistis)
1090 830 1312 882 quibusque
1341 830 1390 870 de
1419 829 1538 869 rebus
1566 842 1636 870 vos
1665 829 1910 883 purgavistis,

158 924 161 926 -
207 910 251 938 ea
281 903 441 938 senatus
466 901 474 950 Ι
500 897 676 936 animum
706 897 874 937 advortit
902 897 955 937 ita
985 898 1065 938 utei
1095 910 1260 949 aequom
1291 898 1366 938 fuit
1384 920 1439 926 —
1464 909 1617 949 nosque
1646 909 1690 937 ea
1717 897 1772 946 ita
1800 897 1911 937 audi-

137 1305 178 1356 1ο

207 978 387 1006 veramus
413 969 420 1018 Ι
446 971 491 1004 ut
510 977 577 1004 vos
597 964 791 1005 deixsistis
810 964 945 1005 vobeis
967 966 1144 1005 nontiata
1161 978 1331 1005 esse—2
1355 978 1399 1005 ea
1415 978 1489 1005 nos
1509 965 1685 1005 animum
1706 962 1908 1017 nostrum

209 1046 291 1073 non
313 1032 622 1072 indoueebamus
651 1032 703 1072 ita
725 1033 827 1072 facta
847 1045 945 1082 esse,
975 1039 1185 1086 propterea
1217 1032 1323 1084 quod
1346 1033 1555 1083 scibamus,
1581 1032 1588 1081 Ι
1615 1044 1660 1072 ea
1679 1045 1749 1072 vos
1767 1032 1910 1073 merito

208 1106 345 1140 nostro
376 1101 505 1140 facere
535 1113 616 1139 non
638 1100 826 1152 potuisse,
858 1113 988 1153 neque
1016 1114 1085 1142 vos
1114 1101 1256 1153 dignos
1277 1113 1361 1141 esse
1388 1099 1394 1154 Ι
1421 1101 1513 1152 quei
1542 1113 1588 1141 ea
1615 1099 1806 1150 faceretis,
1840 1113 1910 1140 ne-

210 1180 287 1219 que
316 1168 354 1207 id
374 1167 509 1207 vobeis
540 1179 670 1218 neque
699 1167 757 1206 rei
787 1168 968 1221 poplicae
998 1175 1151 1209 vostrae
1176 1167 1183 1222 Ι
1210 1168 1317 1208 oitile
1347 1181 1432 1208 esse
1451 1169 1602 1218 facere3
1633 1174 1672 1208 et
1699 1175 1909 1221 postquam

207 1241 336 1275 vostra
365 1235 482 1275 verba
512 1242 674 1276 senatus
703 1235 867 1282 audivit,
903 1235 909 1288 Ι
944 1242 1054 1276 tanto
1084 1236 1208 1288 magis
1237 1235 1411 1276 animum
1452 1241 1630 1276 nostrum
1659 1236 1912 1276 indoucimus

205 1303 274 1353 (ita
312 1303 391 1342 utei
429 1309 521 1343 ante
555 1305 561 1352 1
595 1303 909 1354 arbitrabamur),
954 1304 1002 1344 de
1040 1304 1133 1343 eieis
1170 1303 1290 1343 rebus
1328 1304 1370 1343 af
1402 1303 1537 1343 vobeis
1578 1308 1785 1356 peccatum
1826 1315 1908 1343 non

208 1382 304 1410 esse.
331 1371 337 1419 Ι
365 1369 562 1421 Quonque
592 1370 640 1410 de
671 1370 765 1410 eieis
795 1371 913 1411 rebus
942 1372 1120 1411 senatuei
1151 1371 1307 1424 purgati
1337 1371 1443 1420 estis,
1480 1370 1690 1419 credimus,
1728 1369 1904 1422 vosque!

207 1437 383 1476 animum
420 1443 595 1478 vostrum
634 1439 849 1478 indoucere
888 1444 1062 1490 oportet,
1104 1440 1197 1479 item
1233 1451 1302 1479 vos
1340 1437 1487 1491 populo
1514 1436 1523 1489 Ι
1555 1437 1732 1478 Romano
1762 1450 1909 1491 purga-

207 1510 270 1545 tos
301 1505 399 1544 fore.

323 1570 452 1603 Tibure
475 1581 550 1612 rep.
577 1571 699 1604 tabula
723 1572 868 1611 ahenea,
900 1582 996 1604 nunc
1022 1571 1110 1604 latet
1135 1573 1172 1613 (I
1191 1572 1264 1606 407.
1289 1571 1378 1605 XIV
1394 1572 1513 1613 3584).
1565 1571 1716 1605 Videtur
1739 1581 1812 1604 mo
1833 1581 1912 1604 eae-

205 1626 279 1660 culi
306 1637 342 1660 u.
367 1637 396 1660 c.
420 1628 514 1659 :emti
538 1628 723 1668 exeuntis,-
757 1627 797 1660 L.
824 1627 1009 1660 Cornelius
1036 1628 1096 1662 Gn.
1119 1628 1148 1668 [ἰ
1171 1631 1321 1672 praetor
1348 1626 1503 1667 fortasse
1532 1629 1564 1660 is
1587 1629 1651 1671 qui
1681 1626 1807 1660 consul
1837 1624 1912 1666 fuit

205 1694 239 1716 a.
254 1684 322 1716 598
347 1681 411 1722 (cf.
434 1683 525 1717 XIV
543 1682 565 1715 l.
583 1685 641 1724 o.).
690 1683 757 1716 Hic
780 1694 918 1726 quoque
950 1694 1023 1717 non
1055 1686 1221 1718 habemus
1251 1686 1432 1726 integrum
1455 1682 1820 1726 senatusconsultum,
1849 1682 1913 1715 sed

200 1740 420 1782 principium
446 1749 524 1772 cum
539 1751 705 1782 responso
731 1740 814 1773 dato
835 1739 1042 1773 Tiburtinis.
1083 1739 1287 1772 Tiburtinos
1310 1751 1351 1773 eo
1377 1743 1533 1782 tempore
1548 1739 1718 1773 Romanis
1731 1741 1912 1783 suspectos

203 1793 317 1832 fuisse
340 1799 373 1828 et
396 1796 495 1838 apud
516 1799 678 1829 senatum
703 1796 880 1838 legatione
902 1797 1011 1828 missa
1035 1807 1072 1828 se
1093 1797 1320 1838 purgavi-sse,
1350 1796 1438 1828 alibi
1460 1805 1534 1828 non
1558 1796 1729 1830 traditur.

813 1977 966 2025 Tituli
1001 1976 1295 2029 Mummiani.

320 2061 381 2106 20
764 2066 807 2106 L.
840 2067 1000 2107 Mummi
1031 2067 1074 2107 L.
1106 2068 1132 2106 f.
1163 2079 1244 2108 cos.

506 2132 622 2172 Duct.
649 2130 656 2187 Ι
681 2134 855 2186 auspicio
886 2135 1130 2187 imperioque
1156 2133 1163 2187 Ι
1189 2134 1274 2174 eius
1301 2133 1444 2173 Achaia
1474 2138 1588 2185 capt„

508 2199 671 2239 Corinto
698 2199 704 2254 Ι
730 2201 858 2241 deleto
889 2202 1053 2242 Romam
1082 2202 1222 2243 redieit
1245 2200 1252 2255 Ι
1278 2201 1538 2253 triumphans.

509 2266 569 2307 Ob
590 2268 706 2308 hasce
734 2268 740 2320 Ι
766 2282 830 2309 res
850 2269 953 2310 bene
974 2277 1102 2321 gestas
1122 2270 1228 2322 quod
1254 2269 1260 2323 Ι
1286 2270 1327 2309 in
1349 2269 1451 2309 hello
1471 2274 1640 2316 voverat,
1666 2265 1674 2320 Ι

505 2334 608 2375 hanc
637 2337 772 2376 aedem
803 2343 842 2376 et
869 2338 985 2389 signu
1011 2336 1017 2390 Ι
1044 2337 1226 2378 Herculis
1255 2337 1424 2377 Victoris
1449 2336 1456 2390 Ι

769 2405 984 2457 imperator
1012 2405 1177 2445 dedicat.

321 2466 462 2511 Romae,
486 2469 609 2501 tabula
626 2470 756 2512 lapidis
775 2470 956 2504 Tiburtini
970 2482 1044 2514 rep.
1062 2474 1102 2504 in
1118 2474 1237 2505 monte
1255 2471 1372 2505 Caelio
1389 2479 1484 2504 anno
1499 2468 1593 2510 4786,
1616 2477 1713 2500 mmo
1734 2469 1775 2501 in
1788 2477 1908 2501 museo

209 2522 385 2556 Vaticano
403 2525 441 2565 (Ι
451 2525 526 2558 541.
553 2525 708 2567 V1554‚·
731 2526 865 2560 Riisehl
882 2529 951 2562 tab.
969 2528 1045 2569 LI).
1063 2547 1106 2552 -
1125 2527 1165 2562 L.
1182 2527 1374 2561 Mummius
1390 2536 1458 2559 eos.
1474 2523 1550 2565 fuit
1563 2535 1597 2558 a.
1611 2525 1688 2567 608,
1710 2524 1908 2567 triumpha-

207 2581 261 2611 vit
275 2591 309 2614 a.
321 2582 394 2613 609.
407 2599 450 2604 —
468 2581 503 2614 V
502 2592 611 2623 erm,
628 2592 714 2624 quos
731 2582 922 2616 Saturnios
938 2595 1011 2616 esse
1022 2586 1207 2627 per-sperit
1223 2583 1411 2624 Man-inim,
1427 2581 1688 2615 ordinaverunt
1697 2578 1908 2613 Remmius

208 2645 326 2678 opusc.
341 2637 373 2676 4,
388 2638 431 2669 84
455 2640 490 2669 et
508 2638 632 2680 paullo
656 2638 764 2670 aliter
779 2639 973 2672 Buecheler
988 2640 1062 2674 ind.
1079 2640 1187 2673 schol.
1204 2640 1318 2673 Bonn.
1334 2638 1417 2672 4876
1432 2640 1517 2671 aest.
1532 2638 1602 2680 μδ
1618 2646 1653 2669 n.
1665 2637 1700 2670 2.
1723 2654 1769 2660 —
1792 2636 1908 2670 Huius
1963 2668 1968 2671 Α

207 2691 339 2723 similes
363 2693 502 2725 tabulas
526 2704 548 2725 a
572 2695 893 2736 triumphatoribus
918 2696 957 2727 in
982 2696 1128 2728 aedibus
1150 2698 1264 2729 sacris
1286 2695 1382 2736 fixas
1404 2695 1603 2730 memorant
1624 2692 1758 2726 Atilius
1772 2691 1907 2725 Fortu·

207 2749 378 2780 natianus
402 2750 474 2791 (ap.
500 2748 576 2782 Keil
601 2749 755 2783 Gramm.
778 2750 858 2784 Lat.
880 2752 900 2784 6
921 2761 957 2793 p.
982 2752 1069 2793 295)
1099 2755 1134 2783 et
1156 2752 1233 2786 Liv.
1257 2754 1309 2794 40,
1329 2752 1388 2785 52.
1411 2750 1463 2791 41,
1485 2750 1543 2783 28.
1567 2766 1612 2773 —-
1643 2747 1697 2780 Do
1727 2747 1814 2781 aedo
1833 2750 1908 2781 eive

207 2803 370 2836 aedicula
394 2804 557 2837 Herculis
580 2816 602 2838 a
626 2806 795 2839 Mummio
821 2806 982 2839 dedicata
1009 2806 1054 2846 cf:
1079 2807 1218 2840 Jordan
1242 2808 1358 2841 Herm.
1382 2807 1450 2839 vol.
1466 2806 1506 2839 44
1525 2815 1563 2848 p.
1578 2805 1658 2838 372.

319 2893 373 2937 21
425 2925 434 2934 .
458 2925 466 2934 .
490 2926 499 2934 .
522 2908 600 2936 cos.
632 2896 783 2937 Achaea
814 2903 938 2950 capta.

319 2961 362 2993 In
388 2972 476 3003 agro
503 2962 647 2995 Curium
673 2962 888 2996 Sabinorum
913 2962 982 3003 (IX
1000 2965 1084 2997 4966
1109 2964 1156 2996 ad
1177 2963 1283 3004 fidem
1305 2965 1413 2996 unius
1435 2963 1596 2995 auctoris
1618 2955 1710 2996 sade.
1732 2960 1843 3004 XVI).
