1968 3268
166 86 248 126 396
378 120 380 123 .
913 88 1033 134 Caput
1055 89 1116 124 ΙΧ,

170 202 322 246 (scilieet
352 204 470 235 omnia
496 213 537 234 ea
562 211 653 245 quae
678 212 716 244 p.
739 202 817 236 391.
840 203 911 236 392
936 202 1096 236 dedimus
1119 203 1249 236 litteris
1270 203 1475 250 inclinatis)
1503 205 1579 239 alia
1602 216 1712 240 manu
1734 207 1874 242 adiecta

168 270 240 292 esse
255 259 424 293 videntur
448 258 510 301 (de
534 269 605 300 qua
628 269 669 291 re
684 257 731 298 cf.
747 257 940 292 Mommsen
958 258 993 294 G.
1010 259 1065 292 III
1082 270 1120 303 p.
1136 259 1216 303 904)
1226 272 1241 301 ‚·
1264 262 1304 293 in
1327 261 1483 295 eiusdem
1498 263 1681 306 scriptura
1696 265 1874 306 anteriore

168 326 291 348 errore
313 318 364 347 est
385 316 537 349 veterani
562 318 597 347 et
618 314 812 349 conudium.

282 406 394 454 1992
437 409 531 460 imp.
555 407 696 448 Caesar
718 407 980 460 Vespasianus
1010 409 1210 460 Augustus
1243 410 1422 462 pontifex
1451 411 1655 460 maximus,
1685 411 1872 453 tribunic-

167 483 349 529 potestat.
380 476 431 523 V,
470 476 563 528 imp.
594 475 704 523 XIII,
743 489 782 528 p.
812 488 867 528 p.,
900 488 979 516 cos.
1012 475 1042 513 V
1073 477 1263 528 designat.
1295 477 1345 517 VI
1357 479 1381 526 ¹,
1413 490 1576 528 censor,
1606 479 1806 531 equitibus
1835 486 1875 521 et

166 544 375 596 peditibus,
406 544 472 595 qui
495 544 663 584 militant
691 544 732 583 in
765 544 835 584 alis
864 556 932 584 sex
963 549 1002 583 et
1030 544 1262 584 cohortibus
1289 546 1510 595 duodecim,
1541 559 1643 599 quae
1672 547 1873 600 appellan-

165 618 231 651 tur
249 612 299 662 (1)
321 611 337 650 I
358 611 487 651 Flavia
508 611 671 651 Gemina
702 618 741 651 et
761 612 808 663 (2)
831 612 847 651 I
878 611 1203 652 Cannenefatium
1225 618 1264 653 et
1284 614 1332 664 (3)
1353 613 1388 653 II
1420 613 1547 654 Flavia
1568 615 1733 656 Gemina
1763 621 1803 656 et
1822 614 1871 666 (4)

167 680 395 720 Picentiana
416 686 454 720 et
473 681 522 731 (5)
544 680 811 720 Scubulorum
833 685 871 719 et
902 680 949 732 (6)
974 679 1130 720 Claudia
1162 693 1263 721 nova
1272 682 1299 730 ²,
1331 686 1370 720 et
1390 682 1439 732 (1)
1463 681 1480 721 1
1501 682 1699 724 Thracum
1728 689 1767 723 et
1786 683 1836 736 (2)
1856 683 1874 723 I

166 751 352 788 Asturum
384 754 423 788 et
442 748 529 800 (3)1
561 749 849 800 Aquitanorum
879 755 1062 789 veterana
1094 755 1133 788 et
1153 749 1200 799 (4)
1230 749 1247 788 I
1276 750 1564 801 Aquitanorum
1583 751 1806 803 Biturigum
1835 756 1875 791 et

166 818 215 868 (5)
243 817 279 855 II
315 817 489 868 Augusta
521 816 732 869 Cyrenaica
772 823 811 857 et
843 820 890 866 (6)
921 817 975 856 III
1007 816 1206 857 Gallorum
1247 823 1286 857 et
1326 818 1374 870 (τ)
1413 817 1467 857 111
1497 824 1537 858 et
1564 819 1611 870 (8)
1641 819 1714 859 ΙΠΙ
1750 819 1873 871 Aqui-

165 891 349 924 tanorum
381 891 420 924 et
449 885 496 935 (9)
528 884 600 924 1111
631 884 925 924 Vindelicorum
966 891 1004 925 et
1035 886 1101 935 (10)
1134 885 1164 923 V
1194 885 1460 938 Hispanorum
1491 891 1531 926 et
1558 888 1628 937 (11)
1658 886 1688 925 V
1719 886 1873 926 Dalma-

166 960 294 992 tarum
327 959 365 992 et
395 953 462 1004 (12)
493 953 562 992 VlI
591 953 841 1001 Raetorum³,
874 959 913 992 et
942 960 1036 993 sunt
1066 955 1105 993 in
1130 953 1363 994 Germania⁴
1393 953 1466 993 sub
1497 953 1568 994 Cn.
1590 954 1747 994 Pinario
1777 954 1873 995 Cor-

167 1021 271 1061 nelio
314 1020 550 1069 Clemente⁶‚
598 1021 665 1072 qui
704 1021 824 1072 quina
864 1028 903 1060 et
939 1022 1075 1061 vicena
1123 1021 1318 1073 stipendia
1365 1029 1431 1061 aut
1475 1021 1587 1073 plura
1635 1027 1873 1070 meruerant,

167 1101 337 1141 quorum
369 1089 529 1128 nomina
560 1089 780 1141 subscripta
809 1094 924 1128 sunt:
956 1089 1051 1141 ipsis
1078 1088 1213 1128 liberis
1243 1089 1491 1141 posterisque
1511 1101 1648 1130 eorum
1679 1089 1871 1129 civitatem

167 1157 272 1196 dedit
302 1164 341 1196 et
370 1157 585 1196 conubium
617 1169 707 1196 cum
738 1156 950 1204 uxoribus,
988 1169 1084 1208 quas
1122 1163 1217 1196 tunc
1247 1157 1477 1197 habuissent
1515 1169 1606 1197 cum
1643 1163 1702 1197 est
1739 1156 1874 1196 civitas

165 1225 212 1265 iis
242 1225 348 1273 data,
385 1231 451 1264 aut
481 1225 512 1264 si
544 1225 611 1276 qui
643 1223 811 1264 caelibes
842 1230 990 1273 essent,
1031 1236 1120 1263 cum
1152 1224 1199 1264 iis
1229 1237 1326 1276 quas
1355 1231 1491 1277 postea
1522 1224 1724 1265 duxissent
1759 1224 1872 1264 dum-

165 1300 270 1333 taxat
307 1293 451 1344 singuli
491 1292 679 1344 singulas.
739 1294 783 1331 A.
824 1292 861 1331 d.
903 1291 973 1331 XII
1012 1291 1051 1331 k.
1090 1291 1243 1340 Iunias,
1280 1292 1327 1338 Q.
1359 1292 1512 1332 Petillio
1551 1292 1699 1332 Ceriale
1737 1292 1872 1332 Caesio

169 1361 271 1401 Ruso
302 1361 349 1407 ΙΙ,
382 1361 426 1399 T.
459 1359 594 1400 Clodio
625 1359 747 1412 Eprio
780 1359 966 1398 Marcello
997 1359 1033 1399 ΙΙ
1064 1359 1162 1399 cos.⁶

280 1429 363 1468 alae
402 1428 689 1474 Scubulorum,
730 1427 792 1467 cui
833 1433 968 1479 praest
1009 1427 1067 1467 Ti.
1110 1427 1291 1468 Claudius
1331 1426 1397 1478 Sp.
1437 1427 1463 1466 f.
1494 1427 1664 1475 Atticus,
1703 1425 1871 1479 gregali:

166 1497 325 1536 Veturio
357 1496 538 1535 Teutomi
569 1497 594 1535 s.
625 1496 805 1535 Pannon.

278 1564 528 1616 Descriptum
561 1570 599 1602 et
628 1563 876 1614 recognitum
907 1575 954 1602 ex
984 1562 1114 1602 tabula
1150 1575 1291 1610 aenea,
1332 1574 1431 1614 quae
1461 1563 1535 1602 fixa
1565 1567 1625 1602 est
1652 1561 1800 1602 Romae
1828 1561 1870 1601 in

167 1631 356 1683 Capitolio
387 1630 686 1671 introeuntibus
716 1631 763 1670 ad
796 1631 1008 1679 sinistram,
1039 1631 1079 1670 in
1112 1643 1225 1669 muro
1257 1630 1361 1669 inter
1390 1631 1489 1670 duos
1525 1641 1652 1669 arcus.
1701 1629 1746 1668 L.
1777 1628 1873 1669 Cae-

165 1700 227 1739 cili
269 1700 312 1738 L.
345 1700 371 1740 f.
412 1699 523 1746 Quir.
565 1699 710 1738 Ioviani
750 1723 806 1729 —
843 1698 887 1738 L.
927 1699 1096 1739 Cannuti
1138 1698 1291 1738 Luculli
1331 1697 1414 1737 Clu.
1446 1697 1590 1737 Tuder.
1629 1720 1683 1726 —
1723 1696 1767 1736 L.
1799 1696 1872 1737 Iuli

166 1766 207 1806 C.
238 1768 264 1806 f.
302 1767 438 1806 Silvini
478 1768 656 1818 Carthag.
697 1789 750 1796 —
783 1767 871 1806 Sex.
910 1766 983 1805 Iuli
1023 1766 1063 1806 C.
1104 1766 1130 1805 f.
1160 1765 1254 1804 Fab.
1294 1764 1417 1804 Italici
1446 1764 1559 1804 Rom.
1598 1787 1653 1793 —
1692 1765 1734 1804 P.
1765 1764 1872 1804 Atini

164 1834 252 1873 Rufi
284 1835 382 1874 Pal.⁷
411 1857 466 1863 —
497 1835 537 1874 C.
561 1835 772 1886 Semproni
803 1834 974 1874 Secundi
1003 1856 1058 1862 —
1087 1833 1137 1873 M.
1169 1833 1270 1873 Salvi
1300 1831 1476 1872 Norbani
1505 1831 1599 1872 Fab.

278 1913 485 1956 Dz'ptychon
502 1922 660 1951 aeneum,
684 1923 758 1954 rep.
784 1914 823 1944 in
839 1912 1028 1944 Pannonia
1052 1911 1101 1944 ad
1123 1912 1239 1944 vicum
1255 1911 1466 1953 Hungariae
1482 1910 1630 1944 Sikator
1654 1909 1744 1952 (non
1768 1909 1873 1952 longe

166 1979 187 2000 a
210 1967 339 2011 Raab),
364 1972 415 2000 est
437 1969 572 2001 Pestim'
596 1968 670 2008 (III
688 1978 723 2010 p.
748 1968 846 2012 852).
872 1987 913 1991 —
943 1969 975 2009 1)
1005 1968 1047 2000 A.
1071 1967 1122 2001 74.
1148 1986 1184 1991 —
1217 1968 1250 2009 2)
1273 1967 1429 2000 Eaedem
1451 1978 1515 2000 sex
1543 1967 1623 2000 alae
1653 1965 1804 1998 redeunt
1831 1967 1872 1998 in

166 2026 419 2058 constitutione
443 2025 644 2057 Domitiani
672 2024 713 2057 de
737 2017 857 2057 eodem
882 2026 1045 2056 eoeercilu
1070 2024 1154 2056 data
1187 2035 1221 2056 a.
1244 2024 1290 2056 82
1317 2022 1434 2063 (infra
1457 2021 1504 2058 N.
1528 2022 1648 2064 4996),
1680 2023 1755 2055 nisi
1777 2022 1873 2065 quod

166 2082 225 2115 ala
244 2082 393 2115 Claudia
410 2092 502 2114 nova
519 2083 626 2113 missa
643 2082 824 2123 reperitur
840 2081 880 2113 in
897 2080 1077 2123 Moesiam,
1103 2083 1174 2113 tres
1192 2083 1329 2113 tantum
1351 2090 1396 2112 eoe
1418 2090 1483 2112 sete
1505 2080 1546 2112 in
1570 2079 1764 2122 diplomate
1785 2078 1871 2112 dato

166 2149 198 2172 α.
215 2141 257 2172 90
276 2138 336 2182 (Ν.
353 2138 467 2177 4998).
483 2156 529 2163 —-
553 2139 588 2179 3)
604 2137 664 2170 Ea:
681 2138 736 2170 his
754 2138 959 2170 cohortibus
983 2140 1063 2170 octo
1079 2137 1232 2169 redeunt
1255 2138 1294 2169 in
1311 2136 1502 2179 diplomate
1526 2135 1610 2169 dato
1635 2147 1667 2169 a.
1683 2136 1729 2169 82
1753 2133 1872 2175 (infra

164 2194 209 2228 N.
227 2195 341 2238 1995),
365 2195 503 2227 scilicet
515 2195 634 2237 prima
657 2193 846 2236 Thracum,
861 2196 979 2236 prima
996 2193 1182 2234 Asturum,
1198 2194 1317 2235 prima
1331 2193 1599 2235 Aquitanorum
1616 2191 1759 2233 (altera,
1782 2193 1872 2223 vete-

164 2262 256 2285 rana
294 2254 336 2283 ut
365 2251 543 2294 videtur),
580 2252 686 2284 tertia
719 2250 921 2292 Gallorum,
959 2251 1065 2284 tertia
1105 2250 1391 2291 Aquitanorum,
1428 2251 1563 2292 quarta
1596 2249 1870 2292 aquitanorum,

166 2309 291 2350 quinta
317 2308 568 2351 Hispanorum,
597 2308 746 2351 septima
769 2307 981 2347 Raetorum,
1013 2308 1086 2338 nisi
1110 2306 1205 2348 quod
1228 2307 1337 2339 tertia
1364 2305 1548 2339 Gallorum
1578 2308 1614 2338 et
1643 2305 1768 2347 quinta
1791 2303 1870 2335 Hie-

163 2375 342 2407 panorum
365 2367 492 2397 missae
507 2365 741 2406 reperiuntur
764 2365 804 2395 in
820 2362 1002 2405 Moesiam,
1027 2363 1144 2395 decem
1167 2364 1207 2395 in
1231 2363 1424 2405 diplomate
1447 2362 1530 2395 dato
1554 2372 1588 2394 a.
1610 2362 1653 2394 90
1677 2357 1740 2402 (N.
1756 2358 1870 2400 1998).

168 2439 207 2445 -
227 2422 261 2460 4)
278 2420 503 2462 Intellegitur
530 2420 720 2453 Germania
745 2421 921 2462 superior.
938 2438 982 2443 —
1001 2422 1035 2460 5)
1063 2418 1115 2458 Cf.
1141 2430 1252 2462 supra
1274 2419 1320 2453 N.
1335 2420 1409 2452 997.
1429 2437 1470 2442 —
1489 2419 1523 2460 6)
1544 2417 1588 2451 24
1613 2416 1700 2450 Mai.
1725 2415 1809 2456 (74).
1826 2433 1872 2438 —

167 2477 199 2518 7)
223 2477 259 2509 Ρ.
293 2477 439 2508 Atini-us
462 2475 580 2516 Rufus
609 2478 717 2509 etiam
750 2476 907 2509 aliorum
939 2476 1094 2508 militum
1126 2475 1324 2519 diplomata
1355 2464 1514 2516 signavit
1542 2475 1654 2506 aetate
1676 2471 1870 2511 Flaviana,

167 2532 214 2572 cf.
239 2531 284 2567 N.
310 2532 394 2565 4993
419 2535 489 2565 not.
515 2533 566 2565 40.

280 2644 393 2691 1993
437 2646 531 2696 imp.
554 2645 694 2685 Caesar
715 2646 976 2698 Vespasianus
996 2647 1196 2697 Augustus
1226 2645 1404 2697 pontifex
1425 2644 1628 2692 maximus,
1659 2641 1869 2682 tribunicia
1929 2679 1931 2681 ,

165 2721 345 2768 potestat.
377 2715 477 2762 VIII,
508 2714 601 2766 imp.
633 2713 766 2762 XVIII,
799 2727 838 2765 p.
870 2727 923 2766 p.,
955 2726 1110 2762 censor,
1142 2726 1221 2754 cos.
1252 2712 1334 2761 VII,
1365 2712 1515 2765 design.
1547 2710 1668 2758 VIIl¹,
1707 2708 1869 2748 nomina

165 2784 476 2836 speculatorum,
518 2782 585 2833 qui
624 2782 663 2820 in
697 2782 895 2832 praetorio
927 2795 1016 2822 meo
1048 2781 1331 2829 militaverunt,
1372 2780 1465 2820 item
1497 2779 1680 2826 militum,
1720 2775 1787 2827 qui
1826 2774 1865 2814 in

167 2850 396 2890 cohortibus
428 2861 567 2889 novem
597 2848 804 2901 praetoriis
835 2855 874 2887 et
904 2855 1088 2900 quattuor
1118 2849 1298 2896 urbanis,
1334 2847 1502 2888 subieci:
1544 2844 1685 2897 quibus
1714 2842 1869 2882 sortiter

166 2924 204 2956 et
234 2919 298 2970 pie
329 2918 464 2957 militia
496 2917 642 2956 functis
671 2916 731 2955 ius
770 2915 903 2955 tribuo
943 2916 1089 2956 conubi
1120 2916 1319 2955 dumtaxat
1348 2926 1437 2954 cum
1468 2911 1631 2963 singulis
1665 2916 1705 2950 et
1733 2909 1869 2962 primis

165 2984 372 3033 uxoribus,
411 2991 454 3023 ut
493 2984 610 3024 etiam
640 2984 670 3023 si
701 2983 900 3035 peregrini
940 2983 1035 3022 iuris
1074 2983 1237 3022 feminas
1273 2980 1521 3021 matrimonio
1550 2991 1622 3018 suo
1653 2976 1865 3025 iunxerint‚
