1968 3268
119 91 199 130 152
380 117 383 119 -
872 90 991 134 Caput
1012 88 1059 124 II.

231 205 316 252 665
361 208 434 248 diis
471 206 697 248 auctoribus
726 205 771 245 ad
803 205 860 244 rei
883 203 1065 256 publicae
1094 202 1390 255 amplificandae
1419 203 1582 256 gloriam
1611 214 1818 258 procreato

116 275 186 329 *pi
210 305 491 316 .........
495 276 506 296 ¹
536 280 671 314 nostro
691 272 797 312 Iovio
817 272 986 311 maximo
1009 300 1439 311 ..............
1461 271 1544 312 *ti¹
1575 272 1817 316 nobilissimo

118 343 273 385 Caesari
304 371 575 383 .........
597 340 668 381 us²
697 339 721 364 '¹‘
751 353 784 380 v,
816 353 850 380 c.
881 339 949 378 m.³
978 341 1101 391 praef.
1132 346 1304 391 praetor.

231 411 413 443 Perinthi.-
438 409 623 450 descripsit
647 407 819 451 Cyriacus
844 405 943 450 (cod.
965 406 1044 440 Vat.
1067 406 1176 448 5250,
1207 406 1301 438 unde
1324 405 1367 438 de
1387 404 1490 439 Rossi
1511 409 1620 441 inser.
1644 409 1718 444 cler.
1740 410 1777 453 2,
1800 410 1818 443 Ι

112 477 149 510 p.
166 467 261 511 369).
276 485 322 491 -
348 467 379 508 1)
403 464 559 498 Nomina
574 463 735 506 Augusti
759 465 795 495 et
810 462 970 496 Caesaris
993 464 1123 496 omissa
1145 465 1231 496 sunt
1252 473 1274 495 a
1300 461 1465 506 Cyriaco,
1488 473 1590 496 erasa
1612 466 1689 497 sine
1712 465 1819 500 dubio

119 523 275 567 (litterae
304 522 485 555 asteriscis
512 522 657 553 notatae
686 529 760 552 non
790 522 886 552 recte
915 522 1083 561 exceptae
1110 530 1182 552 esse
1203 518 1400 563 videntur).
1451 518 1591 553 Titulus
1610 522 1748 564 positus
1769 526 1823 556 est

117 582 182 614 aut
196 579 423 613 Diocletiano
448 580 483 609 et
501 576 654 616 Galerio,
679 578 744 609 aut
762 574 903 609 Galerio
924 579 958 609 et
974 577 1171 609 Maximino
1190 575 1254 619 (cll
1270 574 1315 609 N.
1331 575 1427 620 658),
1450 578 1515 609 aut
1527 575 1670 611 Licinio
1694 581 1729 611 ot
1741 577 1820 620 filio

120 636 179 679 (de
205 635 352 669 Valente
374 634 510 667 Licinii
529 643 598 676 per
622 634 724 665 breve
746 634 881 676 tempus
905 633 1041 676 collega
1063 643 1136 666 non
1159 632 1421 676 cogitaverim).
1445 652 1490 658 —
1514 634 1548 676 2)
1573 633 1745 668 Omissum
1768 637 1822 668 est

117 703 141 726 a
174 691 324 736 Cyriaco
356 693 462 724 etiam
492 700 619 723 nomen
651 691 727 722 eius
755 691 819 733 qui
849 690 994 723 titulum
1023 690 1203 723 dedicavit
1227 688 1408 732 praefecti
1437 690 1636 733 praetorio,
1669 689 1822 730 fortasse

118 751 153 782 et
174 750 291 791 ipsum
314 758 467 781 erasum.
481 766 528 772 —
545 749 578 789 3)
594 747 762 780 Fortasse
784 757 853 780 scr.
876 757 908 780 V.
933 756 998 780 em.
1017 745 1175 789 (Hessius
1198 748 1320 778 tuetur
1342 756 1433 789 quae
1457 746 1591 780 tradita
1614 750 1700 780 sunt
1720 757 1820 791 uem„

114 808 248 849 putans
270 804 476 847 significari
499 805 618 836 virum
642 803 861 836 clarissimae
892 805 1100 844 memoriae,
1131 806 1174 836 ut
1198 803 1323 836 titulus
1343 804 1482 846 positus
1503 805 1551 836 sit
1568 805 1652 846 post
1673 806 1822 839 mortem

117 861 343 905 dedicantis).

232 1006 318 1052 666
364 1008 524 1048 domino
555 1008 658 1060 patri
680 1005 684 1062 Ι
706 1008 758 1047 Μ.
790 1008 870 1047 Val.
901 1008 1096 1048 Maxentio
1125 1005 1130 1061 Ι
1155 1008 1238 1048 viro
1268 1008 1411 1056 claris„
1429 1009 1434 1061 Ι
1453 1008 1534 1047 Val.
1567 994 1756 1050 Romulus
1785 1022 1819 1049 c.

118 1090 172 1130 p.‚
199 1075 205 1132 Ι
231 1089 305 1130 pro
336 1089 469 1116 amore
495 1075 500 1130 Ι
529 1075 697 1116 caritatis
726 1075 823 1123 eius,
851 1073 857 1128 Ι
885 1077 986 1127 patri
1016 1076 1313 1129 benignissimo.

231 1142 315 1189 667
358 1144 541 1184 dominae
571 1144 683 1183 matri
711 1141 717 1196 Ι
744 1143 824 1183 Val.
855 1143 1083 1184 Maximillae
1109 1144 1114 1199 Ι
1143 1144 1236 1184 nob.
1274 1145 1386 1191 fem„
1420 1142 1426 1197 Ι
1454 1143 1534 1183 Val.
1565 1143 1756 1185 Romulus
1786 1157 1820 1186 c.

119 1227 173 1266 p.‚
201 1211 207 1266 Ι
233 1225 307 1266 pro
339 1224 470 1252 amore
498 1209 502 1265 Ι
529 1211 760 1251 adfectionis
790 1211 886 1260 eius,
914 1209 919 1264 Ι
946 1212 1060 1251 matri
1091 1212 1323 1252 carissimae.

233 1280 275 1312 In
299 1289 389 1321 agro
413 1277 571 1312 Romano
596 1278 644 1311 ad
666 1279 762 1311 viam
785 1277 1024 1319 Labicanum,
1058 1278 1212 1311 millibus
1241 1278 1319 1319 fere
1342 1277 1429 1311 XVI
1449 1279 1492 1310 ab
1515 1279 1603 1311 urbe
1624 1288 1698 1322 rep.
1724 1279 1823 1322 (XIV

118 1337 224 1370 2825.
246 1335 366 1378 2826).
398 1353 441 1358 -
478 1333 592 1368 Tituli
619 1336 728 1377 posili
757 1334 942 1368 Maxentio
971 1335 1129 1367 nondum
1160 1336 1370 1377 imperatori
1403 1333 1459 1377 (id
1489 1336 1542 1366 est
1567 1337 1650 1367 ante
1670 1346 1823 1369 mensem

123 1393 197 1426 Oct.
218 1392 302 1436 306)
328 1395 363 1424 et
385 1393 497 1424 uxori
520 1393 596 1424 eius
621 1391 789 1425 Valeriae
811 1390 1033 1424 Maximillae
1056 1401 1078 1422 a
1103 1390 1247 1424 Valerio
1272 1390 1421 1424 Romulo
1452 1389 1541 1430 filio.
1588 1390 1690 1424 Hanc
1711 1390 1823 1431 fuisse

118 1449 233 1490 filiam
259 1447 394 1482 Galerii
415 1448 500 1481 inde
525 1448 710 1491 colligitur
734 1447 831 1491 quod
852 1447 1060 1481 Maxentius
1090 1457 1356 1491 nonnumquam
1388 1447 1524 1480 dicitur
1549 1446 1687 1480 Galerii
1709 1458 1824 1491 gener

122 1505 181 1549 (de
209 1508 313 1538 mort.
343 1514 475 1547 perseo.
508 1514 536 1537 c.
561 1503 604 1537 48
636 1502 682 1543 cll
716 1514 744 1537 c.
769 1505 833 1545 26‚·
861 1514 967 1539 anon.
1003 1502 1118 1536 Vales.
1141 1504 1178 1546 3,
1199 1502 1241 1545 7,·
1269 1503 1370 1544 infra
1401 1502 1446 1538 N.
1469 1503 1572 1548 671),·
1604 1504 1823 1538 nobilissima

120 1560 256 1601 femina
281 1562 414 1594 dicitur
438 1561 496 1594 hic
518 1563 643 1604 utpote
666 1560 744 1601 filia
767 1561 1005 1604 imperatoris.
1054 1559 1277 1600 Maxentius,
1309 1560 1410 1601 filius
1433 1563 1468 1593 et
1490 1561 1565 1603 ipse
1586 1562 1822 1603 imperatoris,

121 1617 361 1652 nobilissimus
384 1618 442 1650 vir
464 1616 618 1657 fortasse
633 1617 712 1650 ideo
729 1617 803 1650 dici
818 1617 944 1659 noluit,
969 1615 1065 1659 quod
1085 1619 1189 1659 pater
1207 1618 1374 1660 privatus
1397 1615 1517 1657 factm
1539 1620 1620 1650 erat
1636 1616 1825 1661 (Borghesi

119 1675 155 1716 3,
177 1674 280 1718 451);
303 1677 345 1706 ut
369 1673 495 1706 titulus
515 1674 656 1715 positus
677 1675 728 1706 sit
749 1684 844 1706 anno
868 1675 936 1707 305
960 1673 1015 1706 vel
1035 1674 1113 1707 306.

233 1763 319 1810 668
362 1762 550 1821 d[o]min0
570 1762 770 1821 [φιιιΙ5ΙῐΓοι
787 1762 994 1821 ΜειΧΙοῃῑίο
1012 1762 1199 1817 Auggusto
1222 1761 1488 1818 nolbilissimlo
1507 1763 1603 1814 viro,
1622 1763 1626 1819 Ι
1642 1765 1824 1806 consuli.²

235 1833 277 1865 In
299 1831 489 1874 Numidia,
522 1831 599 1864 loco
633 1832 726 1865 dicto
752 1832 903 1866 Klzerbet
928 1832 1027 1874 Toga
1054 1831 1110 1863 vel
1131 1832 1204 1863 Ain
1231 1829 1329 1872 Taga
1355 1829 1459 1873 (VIII
1479 1830 1592 1865 40382
1619 1832 1712 1865 vidit
1739 1831 1825 1866 Wil-

121 1889 275 1932 manns).
292 1908 336 1912 —
356 1889 387 1930 1)
412 1885 612 1933 dminosltro
637 1889 739 1931 lapis,
758 1907 805 1912 —
822 1889 855 1930 2)
876 1887 1033 1921 Testibus
1057 1887 1229 1920 laterculo
1251 1884 1516 1930 praefectorum
1539 1889 1640 1921 urbis
1663 1891 1698 1921 et
1717 1887 1825 1928 fastis

123 1945 299 1978 Idatianis
323 1944 527 1977 Maxentius
559 1944 684 1977 consul
710 1946 885 1987 processit
907 1945 1067 1987 primum
1091 1955 1122 1977 a.
1145 1944 1214 1977 308
1238 1954 1317 1976 cum
1340 1943 1507 1986 Romulo,
1536 1945 1669 1977 iterum
1699 1956 1731 1979 a.
1755 1946 1824 1979 309

123 2011 202 2034 cum
226 2000 374 2041 Romulo
399 2001 541 2043 iterum,
565 2002 711 2033 tertium
737 2012 769 2034 a.
794 2001 860 2034 340
882 2001 988 2042 solus,
1012 2004 1178 2043 quartum
1202 2010 1234 2032 a.
1258 2000 1339 2034 542.

235 2089 319 2136 669
363 2093 456 2143 imp.
479 2092 586 2132 Caes.
609 2091 660 2130 M.
681 2092 775 2131 Aur.
800 2091 878 2130 Val.
899 2091 1117 2143 ¹[Maxentio
1139 2104 1177 2144 p.
1201 2091 1263 2131 fel.
1283 2091 1449 2143 fiinvicto
1465 2091 1564 2143 Aug.
1583 2089 1590 2144 Ι
1620 2091 1671 2130 Μ.
1687 2104 1726 2144 p.
1743 2087 1850 2130 xl.¹'

236 2158 350 2201 Prope
367 2158 545 2192 Veronam
569 2160 609 2191 in
633 2161 709 2191 vico
733 2157 938 2200 Colognola,
962 2168 1058 2190 nunc
1075 2158 1247 2198 Veronae,
1271 2158 1435 2191 columna
1457 2158 1618 2191 miliaria
1643 2157 1694 2201 (V
1705 2157 1822 2201 8015).

124 2215 166 2248 In
197 2215 316 2248 eodem
351 2215 469 2258 lapide
498 2217 601 2247 extat
631 2215 757 2247 titulus
786 2214 902 2257 Crispi
924 2214 1059 2247 Licinii
1084 2214 1308 2247 Constantini
1333 2213 1521 2247 Caesarum
1551 2211 1653 2253 infra
1683 2212 1727 2247 N.
1751 2213 1823 2246 744.

126 2271 299 2304 Similiter
322 2272 488 2315 inscripti
514 2273 599 2304 sunt
621 2270 757 2314 lapides
782 2270 814 2305 V
824 2273 919 2305 8000.
943 2271 1037 2304 8047.
1061 2272 1161 2305 8039.
1184 2271 1286 2305 8052.
1309 2271 1407 2303 8054.
1429 2271 1518 2303 8055
1541 2271 1676 2312 reperti
1698 2269 1765 2301 alii
1790 2272 1824 2301 et

123 2329 193 2370 ipsi
211 2338 324 2370 prope
350 2327 538 2369 Veronam,
563 2327 629 2360 alii
651 2329 692 2360 in
716 2327 806 2360 valle
828 2329 1012 2370 superiore
1035 2328 1184 2368 Athesis,
1207 2337 1301 2360 unus
1321 2336 1434 2370 prope
1459 2326 1691 2369 Opitergium,
1719 2325 1823 2358 docu—

123 2386 309 2426 mentoque
331 2387 416 2416 sunt
438 2384 502 2416 has
523 2387 645 2427 partes
668 2382 781 2423 fuisse
799 2394 867 2426 per
890 2384 1036 2426 aliquod
1061 2387 1194 2426 tempus
1216 2385 1279 2416 sub
1304 2384 1500 2418 Maxentio.
1525 2402 1565 2407 —
1586 2384 1618 2423 1)
1644 2382 1826 2417 Undecima·

125 2439 224 2471 milia
246 2449 398 2481 pasuum
422 2442 520 2472 vicus
545 2439 739 2482 Colognola
764 2439 876 2472 distat
900 2451 922 2472 a
947 2439 1101 2473 Verona.

237 2526 324 2572 6Ἶο
366 2530 460 2582 imp.
506 2530 611 2570 Caes.
648 2530 653 2585 Ι
686 2531 737 2570 Μ.
776 2531 907 2571 Aurei.
940 2531 1019 2570 Val.
1046 2528 1054 2585 Ι
1080 2531 1297 2571 Maxentius
1333 2543 1372 2582 p.
1404 2531 1429 2568 f.
1457 2528 1462 2581 Ι
1489 2530 1656 2569 invictus
1685 2530 1783 2582 Aug.
1815 2527 1849 2582 Ι

125 2609 164 2649 p.
195 2609 261 2645 m.,
291 2597 355 2636 tri.
387 2604 481 2648 pot„
509 2596 514 2650 Ι
541 2610 621 2637 eos.
653 2598 722 2646 11¹,
754 2612 791 2650 p.
823 2612 876 2650 p.‚
911 2611 1080 2650 procos„
1108 2599 1114 2648 Ι
1141 2599 1237 2638 viam
1268 2597 1522 2637 Herculeam²
1547 2595 1553 2649 Ι
1580 2593 1661 2652 [a]d
1691 2597 1824 2649 pristi-

126 2676 215 2705 nam
242 2663 249 2717 Ι
277 2661 453 2720 [f]aciem
483 2665 664 2704 restituit.

239 2731 354 2773 Prope
386 2731 576 2765 Venusiam
607 2741 679 2773 rep.
712 2731 875 2763 columna
906 2731 975 2773 (IX
994 2734 1076 2766 6066
1100 2748 1143 2760 =--
1167 2732 1202 2766 X
1221 2731 1319 2775 6971)
1329 2744 1342 2772 ‚·
1368 2730 1510 2772 gemelli
1540 2731 1647 2764 liuius
1676 2730 1825 2770 fuerunt

127 2787 262 2831 lapides
286 2786 338 2820 IX
349 2789 444 2821 6059.
461 2787 543 2820 6067
559 2801 603 2814 =
619 2786 654 2819 X
665 2788 758 2820 6964.
775 2787 871 2821 6972.
899 2807 938 2811 —·-
970 2790 999 2829 1)
1023 2789 1065 2822 A.
1089 2791 1156 2823 309
1182 2787 1245 2831 (cs.
1269 2787 1312 2821 N.
1335 2788 1400 2821 668
1421 2790 1493 2820 not.
1514 2786 1566 2830 2).
1614 2787 1656 2819 In
1682 2797 1754 2820 uno
1777 2796 1823 2818 ex

125 2855 236 2887 supra
266 2845 469 2877 memoratis
499 2843 676 2886 lapidibus
710 2842 848 2885 (Wilm.
872 2843 970 2887 4067)
1002 2855 1068 2886 pro
1102 2846 1153 2878 tri.
1184 2849 1256 2888 pot.
1282 2853 1350 2877 cos.
1374 2843 1401 2876 ll
1431 2843 1590 2884 traditur
1612 2841 1723 2882 fuisse
1747 2842 1823 2875 trib.

127 2903 297 2945 potestate
316 2900 369 2942 vl,
394 2910 517 2933 errore
541 2899 771 2942 descriptoris
794 2901 871 2931 sine
895 2900 1011 2934 dubio.
1036 2920 1078 2924 —
1105 2902 1138 2942 2)
1162 2901 1215 2933 De
1239 2901 1305 2933 hac
1328 2901 1404 2939 via,
1436 2909 1525 2941 quae
1555 2908 1681 2932 nomen
1709 2899 1825 2931 traxit

128 2968 150 2990 a
175 2957 399 2990 Maximiano
424 2956 600 2998 Herculio,
625 2954 671 2995 cfi
696 2955 886 2988 Mommsen
912 2955 946 2990 C.
972 2955 1022 2988 IX
1042 2967 1076 2997 p.
1093 2957 1167 2989 599.
