1968 3268
156 143 238 181 456
388 115 392 118 ⁴
907 146 1026 192 Caput
1047 147 1109 184 1x.

154 259 196 290 in
222 256 448 291 Germaniam
470 261 689 302 superiorem
715 258 815 302 (Tae.
839 262 920 294 Izi-et.
944 262 976 303 4,
999 262 1059 305 68,
1090 260 1137 301 es:
1161 261 1265 302 infra
1289 263 1335 297 N.
1357 263 1478 307 2286).
1498 283 1546 308 ¹—
1579 266 1614 307 2)
1642 265 1759 300 liam
1785 266 1863 308 sere

156 324 282 347 versus
305 318 390 347 eunt
411 324 522 358 supra
545 314 590 350 N.
615 316 719 349 2028.

163 366 1861 442 mm

156 458 247 504 SUP‘
269 451 474 550 {ily-Idonae
498 517 571 560 (III
591 518 677 552 6415
700 518 806 551 semel
829 519 1007 562 descripta
1039 531 1129 554 saec.
1153 521 1301 563 XVIII).
1326 541 1370 547 —-
1405 524 1436 564 1)
1470 521 1525 563 Cr.
1549 522 1594 558 N.
1617 525 1709 558 2249
1731 528 1804 560 not.
1827 526 1859 560 1.

269 595 382 641 2259
425 598 469 636 Α.
494 598 653 638 Sentius
682 599 727 638 A.
759 599 784 637 f.
813 597 818 653 Ι
846 599 954 639 Pom.
985 601 1141 649 Arreti„
1169 600 1175 655 Ι
1201 607 1276 641 vet.
1307 602 1381 654 leg.
1413 602 1464 642 XI
1494 603 1532 642 h.
1562 616 1594 643 s.
1625 617 1675 653 e.,
1703 610 1732 645 t.
1762 606 1790 646 f.
1819 606 1861 655 i..

158 662 163 716 Ι
194 664 258 704 hic
279 670 338 704 est
367 665 520 705 occisus
546 664 553 718 Ι
580 666 726 706 finibus
747 665 1085 721 Varvarilnorum¹
1116 670 1156 708 in
1187 670 1311 721 agello
1337 668 1343 724 Ι
1371 682 1486 713 secus
1514 669 1671 711 Titum¹
1702 669 1859 727 flulmen

157 732 205 771 ad
235 731 389 772 Petram
416 733 422 784 Ι
448 733 638 784 Longam.
688 734 730 773 F.
762 746 795 774 c.
827 734 927 774 her?
951 734 958 788 Ι
986 735 1032 782 Q.
1065 735 1286 777 Calventius
1314 737 1359 777 L.
1389 738 1416 777 f.
1446 737 1592 779 Vitalis.

268 799 327 831 Ad
347 802 502 832 montem
525 800 732 833 Prominam
747 801 952 834 Dalmatiae
975 813 1061 845 rep.,
1084 804 1136 834 ibi
1159 801 1237 841 fere
1259 805 1322 836 ubi
1336 802 1412 843 fuit
1424 804 1590 837 Burnum
1611 805 1687 846 (111
1704 806 1790 841 6418
1812 807 1862 840 ad

153 854 223 887 duo
249 856 489 900 apographa).
513 875 559 881 —
586 858 616 899 1)
643 856 696 896 Cf.
721 858 812 892 Plin.
836 859 869 891 Ιι.
893 869 928 891 n.
951 859 987 899 5,
1012 858 1089 893 459.
1114 877 1157 883 —
1183 860 1217 897 2)
1241 859 1470 893 Faciundum
1493 862 1636 894 curavit
1658 863 1768 898 heres.

265 933 382 981 2260
426 936 598 983 Quartus
618 936 777 977 [ventus
797 937 842 976 T.
860 938 885 976 f.
910 938 914 989 Ι
938 938 1155 979 missicius¹
1176 939 1250 991 leg.
1273 940 1339 988 ΧΙ,
1365 938 1370 991 Ι
1391 953 1485 980 ann.
1507 939 1657 991 XXXV,
1680 941 1687 997 Ι
1709 943 1749 982 b.
1768 956 1800 983 s.
1823 955 1860 982 e.

272 1001 416 1035 Salonis
441 1003 517 1042 (III
533 1003 626 1037 2057
651 1003 743 1036 vidit
758 1003 977 1044 Mommsen).
1005 1023 1040 1029 —
1073 1007 1104 1048 1)
1129 1006 1231 1038 Hunc
1254 1006 1402 1039 militem
1424 1007 1570 1040 missum
1592 1018 1666 1040 esce
1687 1019 1761 1042 non
1780 1019 1861 1052 per-

153 1055 320 1096 functum
342 1059 539 1102 stipendiis,
558 1070 649 1102 quae
672 1070 767 1092 anno
783 1061 880 1092 vitae
894 1059 1027 1094 XXXV
1040 1063 1186 1095 emerita
1203 1073 1274 1094 esse
1289 1072 1363 1096 non
1375 1066 1581 1106 potuerunt,
1603 1064 1666 1097 sed
1678 1075 1726 1097 ex
1741 1075 1862 1108 eausa,

153 1112 308 1153 fortasse
329 1118 479 1158 propter
497 1117 669 1158 morbum,
691 1116 840 1158 ideoque
863 1116 937 1149 diei
955 1127 1027 1149 non
1044 1120 1260 1160 veteranum,
1283 1118 1344 1151 sed
1366 1121 1569 1163 missio-ium,
1593 1121 1649 1152 ait
1659 1120 1860 1155 Mommsen.

156 1169 317 1203 Ceterum
348 1173 498 1204 missicii
527 1172 736 1205 vocabulum
765 1174 881 1204 aetate
910 1174 1111 1214 primorum
1142 1176 1400 1216 imperatorum
1431 1177 1613 1218 reperitur
1638 1177 1747 1209 semel
1767 1181 1862 1210 certe

152 1229 366 1269 usurpatum
390 1228 433 1260 de
451 1229 573 1270 milite,
597 1231 659 1271 qui
681 1230 814 1261 iustum
838 1239 1025 1262 numerum
1041 1230 1299 1272 stipendiorum
1324 1235 1524 1264 emeruerat
1546 1231 1663 1272 (infra
1680 1232 1725 1267 N.
1740 1234 1860 1278 2267),

154 1284 240 1315 item
263 1284 370 1316 semel
392 1286 620 1317 coniunctum
644 1295 723 1318 cum
746 1285 917 1318 vocabulo
942 1288 1101 1319 veterani
1125 1284 1243 1329 (Infra
1264 1286 1309 1319 Ν.
1326 1286 1449 1330 2521).

163 1335 1858 1412 WWWW

153 1419 322 1472 stipend.
350 1418 357 1473 Ι
391 1420 498 1459 XIIX
528 1432 666 1461 anoru.
693 1419 700 1474 Ι
727 1420 878 1469 XXXV,
917 1422 956 1461 h.
987 1434 1017 1461 s.
1050 1434 1083 1460 e.
1111 1419 1118 1475 Ι
1143 1422 1194 1462 Μ.
1225 1420 1428 1477 ΑωιηὶιιΙε
1464 1423 1601 1464 cosob.
1636 1436 1724 1464 cur.
1750 1425 1758 1478 Ι
1784 1426 1858 1478 egi.

264 1486 490 1528 Moguntiaei
514 1487 731 1527 (Brambaclz
755 1487 865 1531 1171).
889 1506 934 1513 --
968 1489 1002 1528 1)
1039 1487 1147 1521 Tribu
1178 1488 1353 1532 Voltinia,
1385 1489 1486 1522 domo
1510 1490 1609 1523 Foro
1637 1490 1764 1524 Fulvii
1793 1490 1858 1533 (etl

154 1541 188 1575 C.
207 1542 246 1576 V
257 1552 297 1585 p.
314 1544 406 1582 840).
425 1562 465 1567 —-
492 1544 525 1586 2)
542 1543 653 1585 Legio
675 1544 811 1577 decima
836 1546 941 1577 tertia
959 1543 1142 1589 (Gemina)
1167 1543 1243 1584 fuit
1263 1547 1303 1578 in
1322 1546 1512 1579 Germania
1535 1556 1631 1580 anno
1651 1557 1688 1590 p.
1714 1547 1795 1582 Chr.
1818 1548 1860 1582 14

151 1597 253 1638 (Tae.
279 1609 312 1633 a.
337 1599 368 1639 1,
392 1599 474 1642 57),·
499 1602 644 1642 postea,
677 1603 759 1633 ante
783 1611 816 1634 a.
840 1602 898 1643 69,
929 1599 1105 1633 translata
1129 1604 1181 1634 est
1203 1604 1242 1634 in
1264 1602 1504 1643 Pannoniam,
1535 1603 1599 1635 ubi
1627 1605 1760 1636 stativa
1783 1605 1860 1637 eim

150 1653 302 1693 fuerunt
315 1656 527 1689 Poetovione
543 1655 645 1697 (Tac.
662 1657 742 1690 bist.
766 1657 801 1697 5,
819 1657 868 1701 1).
903 1655 955 1696 Cf.
979 1656 1081 1697 infra
1098 1656 1142 1691 N.
1158 1658 1264 1693 2550.
1298 1658 1595 1692 Commorationis
1609 1661 1650 1692 in
1668 1658 1859 1694 Germania

146 1713 338 1753 praeterea
362 1712 501 1745 nullum
525 1713 775 1746 documentum
799 1713 947 1756 reliquit
970 1714 1057 1754 (nisi
1078 1712 1233 1753 fortasse
1257 1715 1395 1756 tegulas
1418 1725 1474 1758 ap.
1491 1715 1692 1749 Brambach
1714 1715 1859 1758 4377113

148 1769 309 1801 veterani
332 1771 385 1800 est
406 1770 515 1802 inser.
541 1769 636 1802 Helv.
661 1769 755 1810 267).

266 1835 382 1882 2262
426 1838 512 1877 See.
535 1838 676 1878 Metius
698 1837 737 1878 C.
765 1837 771 1891 Ι
799 1839 825 1877 f.
848 1838 905 1877 St.
928 1837 969 1877 F.
991 1838 1078 1878 Vibi
1089 1839 1112 1886 ¹,
1140 1838 1146 1891 Ι
1172 1834 1283 1894 mi[l.]
1309 1838 1316 1889 Ι
1341 1839 1415 1892 leg.
1437 1839 1581 1886 X11112‚
1602 1851 1697 1879 ann.
1718 1839 1725 1894 Ι
1748 1870 1758 1880 .
1781 1871 1791 1880 .
1814 1871 1823 1880 .
1847 1871 1856 1880 .

270 1903 413 1936 Castelli
449 1904 704 1937 Mattiacorum
741 1903 891 1946 (Kastel)
930 1914 1041 1947 prope
1075 1904 1345 1947 Moguntiaeum
1382 1905 1599 1947 (Brambaelz
1633 1905 1724 1940 1359
1753 1907 1861 1940 semel

151 1959 330 2002 descripta
361 1970 452 1992 saec.
482 1959 631 2004 XVIII).
663 1979 708 1984 —
741 1961 773 2001 1)
816 1959 925 1992 Tribu
957 1960 1166 2002 Stellatina,
1197 1961 1300 1994 domo
1332 1961 1430 1994 Foro
1462 1962 1545 1995 Vibi
1576 1961 1730 2004 (Forum
1761 1962 1862 1996 Vibii

153 2015 372 2058 Cabur-rum,
407 2016 510 2048 hodie
536 2015 693 2055 Camur,
725 2014 788 2048 sub
813 2016 964 2058 Alpibus
989 2015 1130 2059 Cauiis,
1163 2016 1208 2056 cf:
1236 2017 1272 2051 C.
1297 2017 1335 2050 V
1345 2028 1383 2060 p.
1405 2017 1504 2061 825).
1527 2036 1574 2042 -—
1604 2019 1638 2059 2)
1669 2018 1859 2052 Praeterea

149 2072 346 2105 multorum
387 2072 543 2105 aliorum
572 2072 728 2105 militum
763 2073 914 2115 legionis
943 2073 1100 2106 decimae
1133 2076 1282 2115 quartae
1312 2075 1496 2117 epitaphia
1525 2073 1750 2116 moguntiaci
1777 2085 1861 2118 pro-

149 2128 314 2168 dierunt,
360 2128 423 2160 sed
459 2131 499 2160 in
537 2129 591 2160 Izi-s·
632 2130 795 2162 omnibus
831 2130 995 2171 (excepto
1033 2129 1109 2162 solo
1145 2130 1250 2162 titulo
1287 2131 1380 2163 edito
1423 2130 1759 2174 Kar-respondeum.
1795 2131 1859 2165 dor

148 2185 269 2219 westd.
303 2184 476 2218 Zeitsehr.
500 2186 533 2227 8,
557 2185 644 2218 1889
670 2195 707 2228 p.
731 2186 814 2227 245)
849 2186 940 2227 legio
974 2186 1178 2228 appellatur
1208 2190 1272 2219 aut
1301 2186 1386 2220 XIV
1411 2186 1558 2220 Gemina
1589 2186 1649 2229 (ut
1678 2188 1785 2220 eliam
1815 2189 1855 2220 in

148 2242 329 2284 epitaphio
354 2241 451 2284 quod
473 2242 614 2274 videtur
637 2252 709 2274 esse
733 2241 864 2281 fratris
888 2243 995 2274 buius
1017 2242 1094 2277 See.
1117 2242 1229 2282 Metii,
1254 2242 1453 2275 Brambaclz
1470 2242 1571 2276 4179.-
1594 2241 1656 2282 Qu.
1679 2241 1820 2278 Mettius
1845 2245 1852 2287 Ι

149 2297 183 2330 C.
209 2297 232 2332 f.
258 2297 342 2331 Stel.
367 2297 442 2331 For.
465 2298 470 2340 Ι
492 2297 581 2340 Vibi,
613 2298 682 2332 mil.
707 2297 775 2341 leg.
796 2302 802 2340 1
822 2297 907 2331 Xllll
931 2297 1037 2341 Gem„
1062 2308 1139 2332 ann.
1161 2300 1166 2341 Ι
1188 2298 1279 2331 ΧΧΧ
1307 2298 1387 2341 stip.
1415 2297 1481 2340 Vll,
1501 2298 1506 2342 Ι
1528 2298 1561 2332 h.
1585 2307 1613 2332 S.
1638 2308 1687 2338 e.;
1706 2297 1714 2343 Ι
1733 2298 1853 2332 fratres

150 2352 155 2396 Ι
183 2363 244 2397 pro
277 2354 405 2397 pietate
435 2352 440 2398 Ι
470 2353 502 2387 d.
527 2354 558 2388 d.
584 2354 640 2398 s.)‚
674 2357 739 2387 aut
760 2354 848 2387 XIV
877 2354 1022 2387 Gemina
1054 2354 1189 2387 Martia
1214 2354 1370 2389 Victrix.
1422 2354 1533 2396 Legio
1565 2354 1700 2387 decima
1725 2357 1855 2397 quarta

150 2409 297 2442 Gemina
328 2410 554 2452 Moguntiac'z·
585 2413 683 2443 stetit
714 2414 807 2444 certe
838 2411 922 2444 inde
960 2412 1003 2443 ab
1037 2412 1206 2443 extremis
1235 2411 1454 2453 temporibus
1482 2411 1640 2452 Augusti
1667 2420 1779 2452 usque
1806 2410 1855 2443 ad

150 2464 348 2509 Claudium,
373 2468 515 2507 iterum,
541 2477 620 2500 cum
636 2469 674 2500 in
692 2468 887 2500 Britannia
906 2469 1140 2509 cognomenta
1157 2466 1312 2499 Martiae
1336 2470 1371 2498 et
1394 2467 1554 2499 victricis
1569 2467 1638 2498 eibi
1649 2467 1853 2509 peperisset,

147 2521 231 2554 inde
255 2522 298 2554 ab
324 2532 418 2554 anno
441 2522 483 2555 70
510 2523 610 2565 (Tac.
636 2525 715 2557 hist.
739 2526 772 2564 5,
797 2524 855 2567 49)
880 2534 991 2566 usque
1014 2523 1063 2556 ad
1085 2526 1245 2565 tempora
1270 2523 1470 2555 Domitiani
1493 2525 1535 2554 ut
1558 2522 1710 2555 videtur.

263 2588 378 2635 2263
424 2592 513 2630 Sex.
546 2592 755 2632 Cliternius
782 2592 787 2645 Ι
814 2593 936 2641 miles,
964 2591 969 2646 Ι
1006 2593 1225 2641 Aniensis¹‚
1253 2592 1259 2644 Ι
1286 2592 1497 2646 Cremona,
1525 2590 1532 2644 Ι
1564 2591 1638 2643 leg.
1668 2590 1812 2639 XlIlI²‚
1844 2588 1851 2646 Ι

147 2669 332 2698 aerorum
359 2656 365 2709 Ι
394 2654 544 2712 v[1111]‚
575 2659 613 2698 h.
644 2672 674 2698 s.
706 2671 739 2698 e.

263 2724 306 2757 In
334 2723 452 2757 Gallia
476 2735 561 2767 rep„
592 2726 631 2757 in
655 2724 787 2764 finibus
809 2726 1028 2768 Biturigum,
1054 2726 1102 2758 ad
1124 2727 1241 2758 vicum
1264 2723 1371 2757 Neris
1396 2723 1444 2756 les
1466 2723 1595 2766 Baius,
1618 2725 1681 2756 ubi
1701 2723 1853 2764 fuerunt

146 2780 270 2823 Aquae
293 2779 383 2813 Neri
415 2780 473 2824 (de
497 2780 635 2822 Laigue
664 2779 848 2814 memoires
877 2782 934 2813 des
958 2783 1181 2824 antiquaires
1204 2781 1246 2814 de
1269 2780 1412 2813 Franco
1434 2781 1487 2822 49,
1510 2780 1599 2813 1888
1622 2791 1663 2822 p.
1685 2780 1774 2820 176).
1806 2797 1852 2804 -

150 2837 181 2878 1)
210 2836 336 2869 Tribus
358 2837 536 2870 Aniensis.
564 2856 601 2860 —
629 2838 662 2879 2)
688 2836 799 2879 Legio
824 2837 959 2870 decima
986 2841 1116 2879 quarta
1143 2836 1291 2870 Gemina
1319 2836 1531 2869 Germaniae
1552 2836 1760 2878 superioris.

264 2903 379 2950 2264
422 2905 465 2945 L.
499 2906 672 2946 Oclatius
702 2903 1046 2959 Tarlquiniensis¹,
1077 2912 1151 2945 vet.
1179 2904 1186 2958 Ι
1212 2906 1287 2958 leg.
1318 2905 1417 2953 XV²‚
1447 2906 1485 2944 h.
1516 2917 1546 2944 s.
1578 2916 1612 2943 e.
1646 2902 1654 2955 Ι
1689 2903 1732 2941 Τ.
1765 2901 1851 2941 Cal-

147 2971 332 3026 ventiusl
368 2973 412 3012 T.
455 2973 480 3012 f.
520 2980 593 3013 vet.
634 2973 708 3025 leg.
747 2972 857 3012 Vlll²
891 2971 896 3025 Ι
932 2979 970 3012 et
1010 2970 1194 3027 Ocfflatia
1225 2973 1268 3012 L.
1307 2973 1332 3011 l.
1364 2971 1370 3025 Ι
1405 2971 1615 3023 Expectata
1653 2970 1700 3009 de
1734 2967 1741 3021 Ι
1776 2982 1847 3009 suo

146 3046 378 3090 posuerunt.
