<?xml version="1.0" encoding="UTF-8"?>
<!DOCTYPE html PUBLIC "-//W3C//DTD XHTML 1.0 Transitional//EN"
    "http://www.w3.org/TR/xhtml1/DTD/xhtml1-transitional.dtd">
<html xmlns="http://www.w3.org/1999/xhtml" xml:lang="en" lang="en">
 <head>
  <title>
</title>
<meta http-equiv="Content-Type" content="text/html;charset=utf-8" />
  <meta name='ocr-system' content='tesseract 3.04.00' />
  <meta name='ocr-capabilities' content='ocr_page ocr_carea ocr_par ocr_line ocrx_word'/>
</head>
<body>
  <div class='ocr_page' id='page_1' title='image "./inscriptioneslat01dessuoft_0450.png"; bbox 0 0 1968 3268; ppageno 0'>
   <div class='ocr_carea' id='block_1_1' title="bbox 174 163 1117 211">
    <p class='ocr_par' dir='ltr' id='par_1_1' title="bbox 174 163 1117 211">
     <span class='ocr_line' id='line_1_1' title="bbox 174 163 1117 211; baseline -0.002 -9"><span class='ocrx_word' id='word_1_1' title='bbox 174 163 257 202; x_wconf 82' lang='lat'><em>438</em></span> <span class='ocrx_word' id='word_1_2' title='bbox 910 165 1030 211; x_wconf 84' lang='lat' dir='ltr'><em>Caput</em></span> <span class='ocrx_word' id='word_1_3' title='bbox 1052 165 1117 200; x_wconf 93' lang='lat' dir='ltr'><em>IX.</em></span> 
     </span>
    </p>
   </div>
   <div class='ocr_carea' id='block_1_2' title="bbox 286 277 1879 335">
    <p class='ocr_par' dir='ltr' id='par_1_2' title="bbox 286 277 1879 335">
     <span class='ocr_line' id='line_1_2' title="bbox 286 277 1879 335; baseline 0.001 -15"><span class='ocrx_word' id='word_1_4' title='bbox 286 277 402 325; x_wconf 75' lang='grc'><em>2172</em></span> <span class='ocrx_word' id='word_1_5' title='bbox 446 281 482 320; x_wconf 91' lang='lat' dir='ltr'><em>d.</em></span> <span class='ocrx_word' id='word_1_6' title='bbox 514 293 566 320; x_wconf 90' lang='lat' dir='ltr'><em>m.</em></span> <span class='ocrx_word' id='word_1_7' title='bbox 602 278 608 333; x_wconf 92' lang='grc'>1</span> <span class='ocrx_word' id='word_1_8' title='bbox 643 281 686 319; x_wconf 91' lang='grc' dir='ltr'><em>Τ.</em></span> <span class='ocrx_word' id='word_1_9' title='bbox 718 279 828 319; x_wconf 88' lang='lat' dir='ltr'><em>Avidi</em></span> <span class='ocrx_word' id='word_1_10' title='bbox 858 279 1025 319; x_wconf 84' lang='lat' dir='ltr'><em>Romani</em></span> <span class='ocrx_word' id='word_1_11' title='bbox 1054 279 1166 319; x_wconf 85' lang='lat' dir='ltr'><em>milit.</em></span> <span class='ocrx_word' id='word_1_12' title='bbox 1201 279 1208 332; x_wconf 90' lang='grc' dir='ltr'>Ι</span> <span class='ocrx_word' id='word_1_13' title='bbox 1240 280 1329 320; x_wconf 91' lang='lat' dir='ltr'><em>coh.</em></span> <span class='ocrx_word' id='word_1_14' title='bbox 1370 280 1438 320; x_wconf 90' lang='lat' dir='ltr'><em>VH</em></span> <span class='ocrx_word' id='word_1_15' title='bbox 1466 280 1542 332; x_wconf 89' lang='lat' dir='ltr'><em>vig.</em></span> <span class='ocrx_word' id='word_1_16' title='bbox 1572 279 1810 335; x_wconf 66' lang='lat' dir='ltr'><em>siponar.²‚}</em></span> <span class='ocrx_word' id='word_1_17' title='bbox 1856 291 1879 320; x_wconf 68' lang='grc' dir='ltr'><strong>γ</strong></span> 
     </span>
    </p>
   </div>
   <div class='ocr_carea' id='block_1_3' title="bbox 176 345 1350 401">
    <p class='ocr_par' dir='ltr' id='par_1_3' title="bbox 176 345 1350 401">
     <span class='ocr_line' id='line_1_3' title="bbox 176 345 1350 401; baseline -0.001 -13"><span class='ocrx_word' id='word_1_18' title='bbox 176 348 345 397; x_wconf 83' lang='lat' dir='ltr'><em>Laetori,</em></span> <span class='ocrx_word' id='word_1_19' title='bbox 376 348 506 388; x_wconf 86' lang='lat' dir='ltr'><em>Avidia</em></span> <span class='ocrx_word' id='word_1_20' title='bbox 533 346 539 401; x_wconf 91' lang='grc'>1</span> <span class='ocrx_word' id='word_1_21' title='bbox 567 348 742 387; x_wconf 83' lang='lat' dir='ltr'><em>Romana</em></span> <span class='ocrx_word' id='word_1_22' title='bbox 767 346 774 399; x_wconf 90' lang='grc'>1</span> <span class='ocrx_word' id='word_1_23' title='bbox 800 355 926 387; x_wconf 82' lang='lat' dir='ltr'><em>mater</em></span> <span class='ocrx_word' id='word_1_24' title='bbox 949 345 956 401; x_wconf 98' lang='grc'>1</span> <span class='ocrx_word' id='word_1_25' title='bbox 983 347 1063 387; x_wconf 89' lang='lat' dir='ltr'><em>filio</em></span> <span class='ocrx_word' id='word_1_26' title='bbox 1093 347 1350 400; x_wconf 87' lang='lat' dir='ltr'><em>pientissimo.</em></span> 
     </span>
    </p>
   </div>
   <div class='ocr_carea' id='block_1_4' title="bbox 177 413 1882 570">
    <p class='ocr_par' dir='ltr' id='par_1_4' title="bbox 177 413 1882 570">
     <span class='ocr_line' id='line_1_4' title="bbox 291 413 1882 458; baseline 0.001 -12"><span class='ocrx_word' id='word_1_27' title='bbox 291 414 451 457; x_wconf 81' lang='lat' dir='ltr'><em>Originis</em></span> <span class='ocrx_word' id='word_1_28' title='bbox 482 415 659 456; x_wconf 88' lang='lat' dir='ltr'><em>urbanae,</em></span> <span class='ocrx_word' id='word_1_29' title='bbox 691 416 743 446; x_wconf 73' lang='lat' dir='ltr'><em>est</em></span> <span class='ocrx_word' id='word_1_30' title='bbox 763 413 972 446; x_wconf 79' lang='lat' dir='ltr'><em>Florentiae</em></span> <span class='ocrx_word' id='word_1_31' title='bbox 1004 413 1077 456; x_wconf 88' lang='lat' dir='ltr'><em>(VI</em></span> <span class='ocrx_word' id='word_1_32' title='bbox 1094 414 1183 447; x_wconf 78' lang='grc'><strong><em>2994</em></strong></span> <span class='ocrx_word' id='word_1_33' title='bbox 1212 413 1306 446; x_wconf 85' lang='lat' dir='ltr'><em>vidit</em></span> <span class='ocrx_word' id='word_1_34' title='bbox 1326 413 1496 458; x_wconf 84' lang='lat' dir='ltr'><em>Henzen).</em></span> <span class='ocrx_word' id='word_1_35' title='bbox 1528 433 1570 438; x_wconf 91' lang='lat'>—</span> <span class='ocrx_word' id='word_1_36' title='bbox 1605 415 1637 456; x_wconf 93' lang='lat'><em>1)</em></span> <span class='ocrx_word' id='word_1_37' title='bbox 1667 414 1882 458; x_wconf 71' lang='lat' dir='ltr'><em>Siphonibuc</em></span> 
     </span>
     <span class='ocr_line' id='line_1_5' title="bbox 177 469 1882 515; baseline 0 -11"><span class='ocrx_word' id='word_1_38' title='bbox 177 472 373 504; x_wconf 89' lang='lat' dir='ltr'><em>utebantur</em></span> <span class='ocrx_word' id='word_1_39' title='bbox 397 470 446 503; x_wconf 83' lang='lat' dir='ltr'><em>ad</em></span> <span class='ocrx_word' id='word_1_40' title='bbox 467 470 633 502; x_wconf 89' lang='lat' dir='ltr'><em>incendia</em></span> <span class='ocrx_word' id='word_1_41' title='bbox 658 469 903 511; x_wconf 77' lang='lat' dir='ltr'><em>extinguenda</em></span> <span class='ocrx_word' id='word_1_42' title='bbox 928 470 1036 509; x_wconf 83' lang='lat' dir='ltr'><em>(Ptin.</em></span> <span class='ocrx_word' id='word_1_43' title='bbox 1063 470 1113 502; x_wconf 87' lang='lat' dir='ltr'><em>ad</em></span> <span class='ocrx_word' id='word_1_44' title='bbox 1138 469 1234 503; x_wconf 90' lang='lat' dir='ltr'><em>Trai.</em></span> <span class='ocrx_word' id='word_1_45' title='bbox 1257 470 1325 511; x_wconf 68' lang='lat'><strong><em>5‚5,·</em></strong></span> <span class='ocrx_word' id='word_1_46' title='bbox 1355 470 1441 512; x_wconf 76' lang='lat' dir='ltr'><em>Dig.</em></span> <span class='ocrx_word' id='word_1_47' title='bbox 1462 471 1523 512; x_wconf 77' lang='lat'><em>35,</em></span> <span class='ocrx_word' id='word_1_48' title='bbox 1544 470 1576 513; x_wconf 87' lang='lat'><em>7,</em></span> <span class='ocrx_word' id='word_1_49' title='bbox 1599 469 1655 511; x_wconf 93' lang='grc'><em>42,</em></span> <span class='ocrx_word' id='word_1_50' title='bbox 1679 470 1759 515; x_wconf 82' lang='grc'><strong><em>48),·</em></strong></span> <span class='ocrx_word' id='word_1_51' title='bbox 1787 471 1882 504; x_wconf 83' lang='lat' dir='ltr'><em>unde</em></span> 
     </span>
     <span class='ocr_line' id='line_1_6' title="bbox 185 526 1097 570; baseline 0 -10"><span class='ocrx_word' id='word_1_52' title='bbox 185 528 388 570; x_wconf 65' lang='lat' dir='ltr'><em>explicatur</em></span> <span class='ocrx_word' id='word_1_53' title='bbox 411 528 506 558; x_wconf 89' lang='lat' dir='ltr'><em>inter</em></span> <span class='ocrx_word' id='word_1_54' title='bbox 530 526 657 567; x_wconf 79' lang='lat' dir='ltr'><em>vigiles</em></span> <span class='ocrx_word' id='word_1_55' title='bbox 679 527 837 559; x_wconf 83' lang='lat' dir='ltr'><em>inveniri</em></span> <span class='ocrx_word' id='word_1_56' title='bbox 860 527 1097 568; x_wconf 76' lang='lat' dir='ltr'><em>siphonarios.</em></span> 
     </span>
    </p>
   </div>
   <div class='ocr_carea' id='block_1_5' title="bbox 175 595 1884 853">
    <p class='ocr_par' dir='ltr' id='par_1_5' title="bbox 175 595 1884 853">
     <span class='ocr_line' id='line_1_7' title="bbox 289 595 1882 649; baseline -0.002 -9"><span class='ocrx_word' id='word_1_57' title='bbox 289 595 403 641; x_wconf 78' lang='lat'>2173</span> <span class='ocrx_word' id='word_1_58' title='bbox 448 596 485 634; x_wconf 91' lang='lat' dir='ltr'><em>d.</em></span> <span class='ocrx_word' id='word_1_59' title='bbox 517 608 569 635; x_wconf 88' lang='lat' dir='ltr'><em>m.</em></span> <span class='ocrx_word' id='word_1_60' title='bbox 597 596 603 649; x_wconf 89' lang='grc'>1</span> <span class='ocrx_word' id='word_1_61' title='bbox 630 597 680 635; x_wconf 92' lang='grc' dir='ltr'><em>Μ.</em></span> <span class='ocrx_word' id='word_1_62' title='bbox 710 596 804 636; x_wconf 88' lang='lat' dir='ltr'><em>Aur.</em></span> <span class='ocrx_word' id='word_1_63' title='bbox 835 596 1080 647; x_wconf 82' lang='lat' dir='ltr'><em>Augustiano</em></span> <span class='ocrx_word' id='word_1_64' title='bbox 1107 597 1112 647; x_wconf 84' lang='grc'>1</span> <span class='ocrx_word' id='word_1_65' title='bbox 1138 605 1163 635; x_wconf 66' lang='grc' dir='ltr'><em>Υ</em></span> <span class='ocrx_word' id='word_1_66' title='bbox 1197 597 1284 636; x_wconf 89' lang='lat' dir='ltr'><em>coh.</em></span> <span class='ocrx_word' id='word_1_67' title='bbox 1305 596 1335 634; x_wconf 93' lang='lat' dir='ltr'><strong>V</strong></span> <span class='ocrx_word' id='word_1_68' title='bbox 1365 597 1454 647; x_wconf 63' lang='lat' dir='ltr'><em>vig„</em></span> <span class='ocrx_word' id='word_1_69' title='bbox 1483 597 1558 636; x_wconf 87' lang='lat' dir='ltr'><em>vix.</em></span> <span class='ocrx_word' id='word_1_70' title='bbox 1588 609 1652 636; x_wconf 85' lang='lat' dir='ltr'><em>an.</em></span> <span class='ocrx_word' id='word_1_71' title='bbox 1690 596 1882 646; x_wconf 87' lang='lat' dir='ltr'><strong>XXXIIII,</strong></span> 
     </span>
     <span class='ocr_line' id='line_1_8' title="bbox 175 661 1884 722; baseline 0.001 -19"><span class='ocrx_word' id='word_1_72' title='bbox 175 668 183 722; x_wconf 85' lang='grc'>1</span> <span class='ocrx_word' id='word_1_73' title='bbox 214 664 390 717; x_wconf 84' lang='lat' dir='ltr'><em>provitus</em></span> <span class='ocrx_word' id='word_1_74' title='bbox 411 676 503 703; x_wconf 83' lang='lat' dir='ltr'><em>ann.</em></span> <span class='ocrx_word' id='word_1_75' title='bbox 533 663 648 710; x_wconf 90' lang='lat' dir='ltr'>XVII,</span> <span class='ocrx_word' id='word_1_76' title='bbox 680 661 878 717; x_wconf 74' lang='lat' dir='ltr'><em>exeepltor</em></span> <span class='ocrx_word' id='word_1_77' title='bbox 897 663 1065 716; x_wconf 88' lang='lat' dir='ltr'><em>presidi¹</em></span> <span class='ocrx_word' id='word_1_78' title='bbox 1096 664 1318 716; x_wconf 85' lang='lat' dir='ltr'><em>provincies</em></span> <span class='ocrx_word' id='word_1_79' title='bbox 1343 663 1350 718; x_wconf 89' lang='grc'>1</span> <span class='ocrx_word' id='word_1_80' title='bbox 1376 663 1427 719; x_wconf 89' lang='grc' dir='ltr'><em>Μ.</em></span> <span class='ocrx_word' id='word_1_81' title='bbox 1448 664 1496 704; x_wconf 85' lang='lat' dir='ltr'><em>s.²</em></span> <span class='ocrx_word' id='word_1_82' title='bbox 1525 676 1619 704; x_wconf 84' lang='lat' dir='ltr'><em>ann.</em></span> <span class='ocrx_word' id='word_1_83' title='bbox 1640 663 1726 713; x_wconf 89' lang='lat'>1111,</span> <span class='ocrx_word' id='word_1_84' title='bbox 1759 663 1884 704; x_wconf 86' lang='lat' dir='ltr'><em>lectus</em></span> 
     </span>
     <span class='ocr_line' id='line_1_9' title="bbox 175 728 1884 787; baseline -0.001 -16"><span class='ocrx_word' id='word_1_85' title='bbox 175 732 217 771; x_wconf 92' lang='lat' dir='ltr'><em>in</em></span> <span class='ocrx_word' id='word_1_86' title='bbox 262 730 491 785; x_wconf 52' lang='lat' dir='ltr'><em>praesteria,</em></span> <span class='ocrx_word' id='word_1_87' title='bbox 531 744 652 783; x_wconf 86' lang='lat' dir='ltr'><em>eques</em></span> <span class='ocrx_word' id='word_1_88' title='bbox 691 732 768 771; x_wconf 87' lang='lat' dir='ltr'><em>sive</em></span> <span class='ocrx_word' id='word_1_89' title='bbox 806 728 1034 786; x_wconf 70' lang='lat' dir='ltr'><em>tabussarius</em></span> <span class='ocrx_word' id='word_1_90' title='bbox 1073 744 1166 771; x_wconf 78' lang='lat' dir='ltr'><em>ann.</em></span> <span class='ocrx_word' id='word_1_91' title='bbox 1198 731 1250 780; x_wconf 87' lang='lat' dir='ltr'><em>V,</em></span> <span class='ocrx_word' id='word_1_92' title='bbox 1290 732 1414 772; x_wconf 84' lang='lat' dir='ltr'><em>factus</em></span> <span class='ocrx_word' id='word_1_93' title='bbox 1445 742 1467 772; x_wconf 75' lang='lat'>7</span> <span class='ocrx_word' id='word_1_94' title='bbox 1503 730 1510 787; x_wconf 86' lang='grc'>1</span> <span class='ocrx_word' id='word_1_95' title='bbox 1543 732 1583 772; x_wconf 91' lang='lat' dir='ltr'><em>in</em></span> <span class='ocrx_word' id='word_1_96' title='bbox 1615 731 1746 784; x_wconf 80' lang='lat' dir='ltr'><em>Syria,</em></span> <span class='ocrx_word' id='word_1_97' title='bbox 1790 731 1884 771; x_wconf 83' lang='lat' dir='ltr'><em>vixit</em></span> 
     </span>
     <span class='ocr_line' id='line_1_10' title="bbox 178 796 1883 853; baseline 0.001 -15"><span class='ocrx_word' id='word_1_98' title='bbox 178 812 271 838; x_wconf 86' lang='lat' dir='ltr'><em>ann.</em></span> <span class='ocrx_word' id='word_1_99' title='bbox 303 798 413 847; x_wconf 82' lang='lat' dir='ltr'><strong>VIII,</strong></span> <span class='ocrx_word' id='word_1_100' title='bbox 450 797 457 851; x_wconf 89' lang='grc'>1</span> <span class='ocrx_word' id='word_1_101' title='bbox 491 799 648 839; x_wconf 82' lang='lat' dir='ltr'><em>Claudia</em></span> <span class='ocrx_word' id='word_1_102' title='bbox 680 800 818 839; x_wconf 80' lang='lat' dir='ltr'><em>Pacata</em></span> <span class='ocrx_word' id='word_1_103' title='bbox 849 800 993 838; x_wconf 85' lang='lat' dir='ltr'><em>coniux</em></span> <span class='ocrx_word' id='word_1_104' title='bbox 1021 798 1027 852; x_wconf 94' lang='grc'>1</span> <span class='ocrx_word' id='word_1_105' title='bbox 1054 800 1228 851; x_wconf 86' lang='lat' dir='ltr'><em>piissimo</em></span> <span class='ocrx_word' id='word_1_106' title='bbox 1269 807 1308 839; x_wconf 83' lang='lat' dir='ltr'><em>et</em></span> <span class='ocrx_word' id='word_1_107' title='bbox 1336 800 1475 852; x_wconf 89' lang='lat' dir='ltr'><strong>Ulpius</strong></span> <span class='ocrx_word' id='word_1_108' title='bbox 1503 796 1722 853; x_wconf 59' lang='lat' dir='ltr'><em>Maricellus</em></span> <span class='ocrx_word' id='word_1_109' title='bbox 1758 811 1883 852; x_wconf 89' lang='lat' dir='ltr'><em>nepos</em></span> 
     </span>
    </p>
   </div>
   <div class='ocr_carea' id='block_1_6' title="bbox 179 863 535 919">
    <p class='ocr_par' dir='ltr' id='par_1_6' title="bbox 179 863 535 919">
     <span class='ocr_line' id='line_1_11' title="bbox 179 863 535 919; baseline 0 -13"><span class='ocrx_word' id='word_1_110' title='bbox 179 867 217 906; x_wconf 91' lang='lat' dir='ltr'><em>b.</em></span> <span class='ocrx_word' id='word_1_111' title='bbox 248 879 299 905; x_wconf 91' lang='lat' dir='ltr'><em>m.</em></span> <span class='ocrx_word' id='word_1_112' title='bbox 332 863 535 919; x_wconf 67' lang='lat' dir='ltr'><em>feceflrunt.</em></span> 
     </span>
    </p>
   </div>
   <div class='ocr_carea' id='block_1_7' title="bbox 178 931 1883 1031">
    <p class='ocr_par' dir='ltr' id='par_1_7' title="bbox 178 931 1883 1031">
     <span class='ocr_line' id='line_1_12' title="bbox 291 931 1883 976; baseline 0.001 -11"><span class='ocrx_word' id='word_1_113' title='bbox 291 931 422 965; x_wconf 86' lang='lat' dir='ltr'><em>Romae</em></span> <span class='ocrx_word' id='word_1_114' title='bbox 447 932 520 975; x_wconf 89' lang='lat' dir='ltr'><em>(VI</em></span> <span class='ocrx_word' id='word_1_115' title='bbox 538 933 626 967; x_wconf 87' lang='grc'><strong><em>2977</em></strong></span> <span class='ocrx_word' id='word_1_116' title='bbox 650 936 776 976; x_wconf 86' lang='lat' dir='ltr'><em>quater</em></span> <span class='ocrx_word' id='word_1_117' title='bbox 800 933 979 975; x_wconf 79' lang='lat' dir='ltr'><em>descripta</em></span> <span class='ocrx_word' id='word_1_118' title='bbox 1009 943 1099 966; x_wconf 81' lang='lat' dir='ltr'><em>saec.</em></span> <span class='ocrx_word' id='word_1_119' title='bbox 1123 932 1235 975; x_wconf 83' lang='lat' dir='ltr'><em>XVI).</em></span> <span class='ocrx_word' id='word_1_120' title='bbox 1267 952 1312 956; x_wconf 87' lang='lat'><em>—</em></span> <span class='ocrx_word' id='word_1_121' title='bbox 1353 936 1382 972; x_wconf 91' lang='lat' dir='ltr'><em>l)</em></span> <span class='ocrx_word' id='word_1_122' title='bbox 1414 932 1601 975; x_wconf 75' lang='lat' dir='ltr'><em>Intellege:</em></span> <span class='ocrx_word' id='word_1_123' title='bbox 1628 931 1815 974; x_wconf 73' lang='lat' dir='ltr'><em>praecidis.</em></span> <span class='ocrx_word' id='word_1_124' title='bbox 1838 950 1883 956; x_wconf 88' lang='lat'>—</span> 
     </span>
     <span class='ocr_line' id='line_1_13' title="bbox 178 989 1577 1031; baseline -0.003 -8"><span class='ocrx_word' id='word_1_125' title='bbox 178 991 211 1030; x_wconf 88' lang='lat'><em>2)</em></span> <span class='ocrx_word' id='word_1_126' title='bbox 234 989 387 1022; x_wconf 77' lang='lat' dir='ltr'><em>Moesiae</em></span> <span class='ocrx_word' id='word_1_127' title='bbox 409 991 615 1031; x_wconf 77' lang='lat' dir='ltr'><em>superioris.</em></span> <span class='ocrx_word' id='word_1_128' title='bbox 1576 998 1577 1001; x_wconf 54' lang='lat'>¹</span> 
     </span>
    </p>
   </div>
   <div class='ocr_carea' id='block_1_8' title="bbox 177 1056 1884 1785">
    <p class='ocr_par' dir='ltr' id='par_1_8' title="bbox 179 1056 1881 1180">
     <span class='ocr_line' id='line_1_14' title="bbox 291 1056 1881 1115; baseline -0.002 -15"><span class='ocrx_word' id='word_1_129' title='bbox 291 1057 404 1103; x_wconf 74' lang='lat'>2174</span> <span class='ocrx_word' id='word_1_130' title='bbox 445 1068 471 1115; x_wconf 53' lang='grc' dir='ltr'><strong><em>ἦ</em></strong></span> <span class='ocrx_word' id='word_1_131' title='bbox 489 1059 661 1107; x_wconf 74' lang='lat' dir='ltr'><em>Maxim,</em></span> <span class='ocrx_word' id='word_1_132' title='bbox 684 1059 797 1099; x_wconf 87' lang='lat' dir='ltr'><em>Vetti.</em></span> <span class='ocrx_word' id='word_1_133' title='bbox 820 1059 1063 1111; x_wconf 54' lang='lat' dir='ltr'><em>Fglorentini.</em></span> <span class='ocrx_word' id='word_1_134' title='bbox 1090 1057 1096 1113; x_wconf 94' lang='grc'>1</span> <span class='ocrx_word' id='word_1_135' title='bbox 1123 1059 1355 1098; x_wconf 82' lang='lat' dir='ltr'><em>sebaciaria¹</em></span> <span class='ocrx_word' id='word_1_136' title='bbox 1391 1059 1397 1108; x_wconf 84' lang='grc'>1</span> <span class='ocrx_word' id='word_1_137' title='bbox 1424 1059 1499 1098; x_wconf 84' lang='lat' dir='ltr'><em>feei</em></span> <span class='ocrx_word' id='word_1_138' title='bbox 1530 1070 1664 1098; x_wconf 84' lang='lat' dir='ltr'><em>mense</em></span> <span class='ocrx_word' id='word_1_139' title='bbox 1698 1056 1704 1112; x_wconf 91' lang='grc'>1</span> <span class='ocrx_word' id='word_1_140' title='bbox 1733 1057 1881 1104; x_wconf 81' lang='lat' dir='ltr'><em>Iunio²,</em></span> 
     </span>
     <span class='ocr_line' id='line_1_15' title="bbox 179 1123 1740 1180; baseline -0.001 -15"><span class='ocrx_word' id='word_1_141' title='bbox 179 1133 308 1178; x_wconf 84' lang='lat' dir='ltr'><em>gratas</em></span> <span class='ocrx_word' id='word_1_142' title='bbox 338 1139 385 1178; x_wconf 83' lang='lat' dir='ltr'><em>ag</em></span> <span class='ocrx_word' id='word_1_143' title='bbox 400 1127 443 1165; x_wconf 75' lang='lat'><em>³³</em></span> <span class='ocrx_word' id='word_1_144' title='bbox 473 1127 599 1166; x_wconf 90' lang='lat' dir='ltr'><em>Genio</em></span> <span class='ocrx_word' id='word_1_145' title='bbox 630 1126 867 1167; x_wconf 75' lang='lat' dir='ltr'><em>eseuhitori⁴</em></span> <span class='ocrx_word' id='word_1_146' title='bbox 892 1125 899 1179; x_wconf 91' lang='grc'>1</span> <span class='ocrx_word' id='word_1_147' title='bbox 926 1133 965 1166; x_wconf 89' lang='lat' dir='ltr'><em>et</em></span> <span class='ocrx_word' id='word_1_148' title='bbox 994 1123 1312 1180; x_wconf 70' lang='lat' dir='ltr'><em>ceomanipullis⁶</em></span> <span class='ocrx_word' id='word_1_149' title='bbox 1341 1125 1421 1166; x_wconf 89' lang='lat' dir='ltr'><em>suis</em></span> <span class='ocrx_word' id='word_1_150' title='bbox 1451 1126 1490 1165; x_wconf 87' lang='lat' dir='ltr'><em>in</em></span> <span class='ocrx_word' id='word_1_151' title='bbox 1522 1123 1740 1179; x_wconf 67' lang='lat' dir='ltr'><em>perpetulo.</em></span> 
     </span>
    </p>

    <p class='ocr_par' dir='ltr' id='par_1_9' title="bbox 178 1189 1883 1316">
     <span class='ocr_line' id='line_1_16' title="bbox 289 1189 1883 1250; baseline -0.003 -13"><span class='ocrx_word' id='word_1_152' title='bbox 289 1192 401 1237; x_wconf 75' lang='lat'><strong>2175</strong></span> <span class='ocrx_word' id='word_1_153' title='bbox 446 1195 533 1233; x_wconf 89' lang='lat' dir='ltr'><em>coh.</em></span> <span class='ocrx_word' id='word_1_154' title='bbox 557 1195 623 1233; x_wconf 94' lang='lat' dir='ltr'><em>VII</em></span> <span class='ocrx_word' id='word_1_155' title='bbox 640 1191 775 1250; x_wconf 80' lang='lat' dir='ltr'><em>vi[9il.]</em></span> <span class='ocrx_word' id='word_1_156' title='bbox 795 1194 1072 1243; x_wconf 83' lang='lat' dir='ltr'>Antoniniana,</span> <span class='ocrx_word' id='word_1_157' title='bbox 1097 1193 1102 1246; x_wconf 89' lang='grc' dir='ltr'>Ι</span> <span class='ocrx_word' id='word_1_158' title='bbox 1128 1202 1152 1231; x_wconf 77' lang='lat'>⁷</span> <span class='ocrx_word' id='word_1_159' title='bbox 1174 1189 1404 1248; x_wconf 85' lang='lat' dir='ltr'><em>Saluta[r]is‚</em></span> <span class='ocrx_word' id='word_1_160' title='bbox 1428 1190 1434 1245; x_wconf 92' lang='grc'>1</span> <span class='ocrx_word' id='word_1_161' title='bbox 1456 1192 1662 1233; x_wconf 84' lang='lat' dir='ltr'><em>Cornelius</em></span> <span class='ocrx_word' id='word_1_162' title='bbox 1682 1192 1883 1232; x_wconf 87' lang='lat' dir='ltr'><em>Iucundus</em></span> 
     </span>
     <span class='ocr_line' id='line_1_17' title="bbox 178 1259 1375 1316; baseline -0.001 -16"><span class='ocrx_word' id='word_1_163' title='bbox 178 1260 307 1300; x_wconf 82' lang='lat' dir='ltr'><em>sebae.</em></span> <span class='ocrx_word' id='word_1_164' title='bbox 334 1261 341 1314; x_wconf 88' lang='grc'>1</span> <span class='ocrx_word' id='word_1_165' title='bbox 369 1262 460 1301; x_wconf 85' lang='lat' dir='ltr'><em>feeit</em></span> <span class='ocrx_word' id='word_1_166' title='bbox 490 1273 627 1301; x_wconf 87' lang='lat' dir='ltr'><em>mense</em></span> <span class='ocrx_word' id='word_1_167' title='bbox 658 1262 773 1301; x_wconf 87' lang='lat' dir='ltr'><em>Febr.</em></span> <span class='ocrx_word' id='word_1_168' title='bbox 800 1260 807 1316; x_wconf 93' lang='grc'>1</span> <span class='ocrx_word' id='word_1_169' title='bbox 834 1262 931 1301; x_wconf 87' lang='lat' dir='ltr'><em>Leto</em></span> <span class='ocrx_word' id='word_1_170' title='bbox 965 1262 998 1301; x_wconf 87' lang='grc' dir='ltr'><em>ΙΙ</em></span> <span class='ocrx_word' id='word_1_171' title='bbox 1029 1267 1068 1300; x_wconf 87' lang='lat' dir='ltr'><em>et</em></span> <span class='ocrx_word' id='word_1_172' title='bbox 1097 1260 1246 1300; x_wconf 83' lang='lat' dir='ltr'><em>Ceriale</em></span> <span class='ocrx_word' id='word_1_173' title='bbox 1276 1259 1375 1301; x_wconf 60' lang='lat' dir='ltr'><em>cos!⁵</em></span> 
     </span>
    </p>

    <p class='ocr_par' dir='ltr' id='par_1_10' title="bbox 177 1324 1884 1637">
     <span class='ocr_line' id='line_1_18' title="bbox 287 1324 1880 1383; baseline -0.004 -11"><span class='ocrx_word' id='word_1_174' title='bbox 287 1326 402 1372; x_wconf 78' lang='grc'><em>2176</em></span> <span class='ocrx_word' id='word_1_175' title='bbox 445 1328 659 1383; x_wconf 72' lang='lat' dir='ltr'><em>ch0.1V!1</em></span> <span class='ocrx_word' id='word_1_176' title='bbox 697 1330 769 1381; x_wconf 86' lang='lat' dir='ltr'><em>vig.</em></span> <span class='ocrx_word' id='word_1_177' title='bbox 797 1329 804 1381; x_wconf 83' lang='grc'>1</span> <span class='ocrx_word' id='word_1_178' title='bbox 831 1330 924 1381; x_wconf 87' lang='lat' dir='ltr'><strong>imp.</strong></span> <span class='ocrx_word' id='word_1_179' title='bbox 963 1329 1014 1368; x_wconf 90' lang='lat' dir='ltr'><em>M.</em></span> <span class='ocrx_word' id='word_1_180' title='bbox 1055 1326 1226 1382; x_wconf 69' lang='lat' dir='ltr'><em>Aurelilo</em></span> <span class='ocrx_word' id='word_1_181' title='bbox 1258 1328 1403 1367; x_wconf 82' lang='lat' dir='ltr'><em>Severo</em></span> <span class='ocrx_word' id='word_1_182' title='bbox 1442 1324 1676 1380; x_wconf 77' lang='lat' dir='ltr'><em>Alexanldro</em></span> <span class='ocrx_word' id='word_1_183' title='bbox 1714 1327 1833 1375; x_wconf 87' lang='lat' dir='ltr'><em>cos.⁷‚</em></span> <span class='ocrx_word' id='word_1_184' title='bbox 1875 1327 1880 1380; x_wconf 92' lang='grc'>1</span> 
     </span>
     <span class='ocr_line' id='line_1_19' title="bbox 178 1393 1882 1450; baseline -0.001 -15"><span class='ocrx_word' id='word_1_185' title='bbox 178 1396 340 1448; x_wconf 88' lang='lat' dir='ltr'><em>optione</em></span> <span class='ocrx_word' id='word_1_186' title='bbox 380 1396 422 1435; x_wconf 87' lang='lat' dir='ltr'><em>P.</em></span> <span class='ocrx_word' id='word_1_187' title='bbox 454 1394 641 1450; x_wconf 69' lang='lat' dir='ltr'><em>Numisilo</em></span> <span class='ocrx_word' id='word_1_188' title='bbox 672 1397 843 1448; x_wconf 83' lang='lat' dir='ltr'><em>Nepote,</em></span> <span class='ocrx_word' id='word_1_189' title='bbox 878 1405 902 1434; x_wconf 73' lang='grc'><strong><em>7</em></strong></span> <span class='ocrx_word' id='word_1_190' title='bbox 941 1394 1153 1447; x_wconf 82' lang='lat' dir='ltr'><em>adiutolre⁸</em></span> <span class='ocrx_word' id='word_1_191' title='bbox 1183 1396 1371 1447; x_wconf 87' lang='lat' dir='ltr'><em>Pompeio</em></span> <span class='ocrx_word' id='word_1_192' title='bbox 1401 1394 1526 1442; x_wconf 88' lang='lat' dir='ltr'><em>Celso,</em></span> <span class='ocrx_word' id='word_1_193' title='bbox 1549 1403 1575 1432; x_wconf 71' lang='grc' dir='ltr'><em>Υ</em></span> <span class='ocrx_word' id='word_1_194' title='bbox 1606 1393 1612 1448; x_wconf 92' lang='grc'>1</span> <span class='ocrx_word' id='word_1_195' title='bbox 1645 1395 1694 1434; x_wconf 81' lang='lat'><em>7⁹</em></span> <span class='ocrx_word' id='word_1_196' title='bbox 1722 1395 1882 1435; x_wconf 80' lang='lat' dir='ltr'><em>Aurelio</em></span> 
     </span>
     <span class='ocr_line' id='line_1_20' title="bbox 177 1461 1881 1517; baseline 0 -15"><span class='ocrx_word' id='word_1_197' title='bbox 177 1461 413 1515; x_wconf 73' lang='lat' dir='ltr'><em>Hereulalno</em></span> <span class='ocrx_word' id='word_1_198' title='bbox 443 1463 616 1503; x_wconf 87' lang='lat' dir='ltr'><strong>Rubrius</strong></span> <span class='ocrx_word' id='word_1_199' title='bbox 647 1464 790 1503; x_wconf 85' lang='lat' dir='ltr'><em>Dexter</em></span> <span class='ocrx_word' id='word_1_200' title='bbox 816 1461 823 1517; x_wconf 91' lang='grc'>1</span> <span class='ocrx_word' id='word_1_201' title='bbox 850 1463 1062 1503; x_wconf 82' lang='lat' dir='ltr'><em>sebaciaria</em></span> <span class='ocrx_word' id='word_1_202' title='bbox 1092 1463 1186 1503; x_wconf 82' lang='lat' dir='ltr'><em>fecit</em></span> <span class='ocrx_word' id='word_1_203' title='bbox 1214 1463 1362 1517; x_wconf 74' lang='lat' dir='ltr'><em>menlse</em></span> <span class='ocrx_word' id='word_1_204' title='bbox 1392 1462 1513 1509; x_wconf 85' lang='lat' dir='ltr'><em>Maio,</em></span> <span class='ocrx_word' id='word_1_205' title='bbox 1544 1462 1705 1501; x_wconf 88' lang='lat' dir='ltr'><em>nomine</em></span> <span class='ocrx_word' id='word_1_206' title='bbox 1735 1461 1881 1502; x_wconf 80' lang='lat' dir='ltr'>Claudii</span> 
     </span>
     <span class='ocr_line' id='line_1_21' title="bbox 179 1527 1884 1585; baseline -0.001 -15"><span class='ocrx_word' id='word_1_207' title='bbox 179 1527 447 1585; x_wconf 62' lang='lat' dir='ltr'><em>[Fortussnati.</em></span> <span class='ocrx_word' id='word_1_208' title='bbox 475 1528 481 1583; x_wconf 91' lang='grc'>1</span> <span class='ocrx_word' id='word_1_209' title='bbox 518 1530 649 1570; x_wconf 84' lang='lat' dir='ltr'><em>omnia</em></span> <span class='ocrx_word' id='word_1_210' title='bbox 679 1537 773 1579; x_wconf 81' lang='lat' dir='ltr'><em>tuta,</em></span> <span class='ocrx_word' id='word_1_211' title='bbox 808 1530 814 1584; x_wconf 93' lang='grc'>1</span> <span class='ocrx_word' id='word_1_212' title='bbox 843 1530 946 1570; x_wconf 82' lang='lat' dir='ltr'><em>salvo</em></span> <span class='ocrx_word' id='word_1_213' title='bbox 979 1531 1211 1571; x_wconf 80' lang='lat' dir='ltr'><em>emituliario</em></span> <span class='ocrx_word' id='word_1_214' title='bbox 1225 1532 1264 1579; x_wconf 83' lang='lat'><em>¹⁰,</em></span> <span class='ocrx_word' id='word_1_215' title='bbox 1291 1529 1298 1584; x_wconf 91' lang='grc'>1</span> <span class='ocrx_word' id='word_1_216' title='bbox 1325 1529 1510 1570; x_wconf 77' lang='lat' dir='ltr'><em>feliciter!</em></span> <span class='ocrx_word' id='word_1_217' title='bbox 1560 1533 1704 1578; x_wconf 73' lang='lat' dir='ltr'><em>(quta)</em></span> <span class='ocrx_word' id='word_1_218' title='bbox 1736 1535 1812 1568; x_wconf 89' lang='lat' dir='ltr'><em>vot.</em></span> <span class='ocrx_word' id='word_1_219' title='bbox 1849 1528 1884 1568; x_wconf 90' lang='lat' dir='ltr'>X</span> 
     </span>
     <span class='ocr_line' id='line_1_22' title="bbox 177 1597 450 1637; baseline 0.004 -2"><span class='ocrx_word' id='word_1_220' title='bbox 177 1621 232 1626; x_wconf 94' lang='lat'><em>——</em></span> <span class='ocrx_word' id='word_1_221' title='bbox 262 1604 337 1637; x_wconf 87' lang='lat' dir='ltr'><em>vot.</em></span> <span class='ocrx_word' id='word_1_222' title='bbox 370 1597 450 1636; x_wconf 85' lang='lat' dir='ltr'><em>XX.</em></span> 
     </span>
    </p>

    <p class='ocr_par' dir='ltr' id='par_1_11' title="bbox 179 1657 1883 1785">
     <span class='ocr_line' id='line_1_23' title="bbox 290 1657 1882 1720; baseline -0.003 -11"><span class='ocrx_word' id='word_1_223' title='bbox 290 1663 403 1709; x_wconf 75' lang='lat'><strong>2177</strong></span> <span class='ocrx_word' id='word_1_224' title='bbox 448 1665 542 1717; x_wconf 86' lang='lat' dir='ltr'><strong>imp.</strong></span> <span class='ocrx_word' id='word_1_225' title='bbox 575 1665 718 1705; x_wconf 86' lang='lat' dir='ltr'><em>Severo</em></span> <span class='ocrx_word' id='word_1_226' title='bbox 750 1666 937 1705; x_wconf 84' lang='lat' dir='ltr'><em>Alexand.</em></span> <span class='ocrx_word' id='word_1_227' title='bbox 959 1657 1025 1706; x_wconf 58' lang='grc' dir='ltr'>ᾖ</span> <span class='ocrx_word' id='word_1_228' title='bbox 1051 1664 1057 1720; x_wconf 91' lang='grc'>1</span> <span class='ocrx_word' id='word_1_229' title='bbox 1084 1672 1123 1706; x_wconf 85' lang='lat' dir='ltr'><em>et</em></span> <span class='ocrx_word' id='word_1_230' title='bbox 1152 1666 1282 1705; x_wconf 80' lang='lat' dir='ltr'><em>Cassio</em></span> <span class='ocrx_word' id='word_1_231' title='bbox 1314 1665 1440 1705; x_wconf 85' lang='lat' dir='ltr'><em>Dione</em></span> <span class='ocrx_word' id='word_1_232' title='bbox 1470 1666 1572 1706; x_wconf 80' lang='lat' dir='ltr'><em>iteru</em></span> <span class='ocrx_word' id='word_1_233' title='bbox 1610 1665 1734 1713; x_wconf 86' lang='lat' dir='ltr'><em>cos.¹¹‚</em></span> <span class='ocrx_word' id='word_1_234' title='bbox 1761 1662 1769 1718; x_wconf 91' lang='grc'>1</span> <span class='ocrx_word' id='word_1_235' title='bbox 1795 1664 1882 1704; x_wconf 87' lang='lat' dir='ltr'><em>coh.</em></span> 
     </span>
     <span class='ocr_line' id='line_1_24' title="bbox 179 1721 1883 1785; baseline 0 -13"><span class='ocrx_word' id='word_1_236' title='bbox 179 1732 248 1772; x_wconf 93' lang='lat' dir='ltr'><em>Vll</em></span> <span class='ocrx_word' id='word_1_237' title='bbox 285 1733 443 1783; x_wconf 82' lang='lat' dir='ltr'><em>vigilum</em></span> <span class='ocrx_word' id='word_1_238' title='bbox 483 1732 691 1772; x_wconf 86' lang='lat' dir='ltr'><em>Severiane</em></span> <span class='ocrx_word' id='word_1_239' title='bbox 737 1731 743 1785; x_wconf 90' lang='grc'>1</span> <span class='ocrx_word' id='word_1_240' title='bbox 778 1742 802 1771; x_wconf 71' lang='grc' dir='ltr'><em>Υ</em></span> <span class='ocrx_word' id='word_1_241' title='bbox 835 1733 994 1782; x_wconf 86' lang='lat' dir='ltr'><em>Felicis,</em></span> <span class='ocrx_word' id='word_1_242' title='bbox 1036 1733 1217 1773; x_wconf 83' lang='lat' dir='ltr'><em>Purius¹²</em></span> <span class='ocrx_word' id='word_1_243' title='bbox 1247 1732 1380 1772; x_wconf 87' lang='lat' dir='ltr'>Victor</span> <span class='ocrx_word' id='word_1_244' title='bbox 1413 1732 1419 1784; x_wconf 88' lang='grc'>1</span> <span class='ocrx_word' id='word_1_245' title='bbox 1453 1732 1664 1774; x_wconf 78' lang='lat' dir='ltr'><em>sebaciaria</em></span> <span class='ocrx_word' id='word_1_246' title='bbox 1701 1733 1794 1772; x_wconf 78' lang='lat' dir='ltr'><em>fecit</em></span> <span class='ocrx_word' id='word_1_247' title='bbox 1827 1721 1883 1772; x_wconf 68' lang='grc' dir='ltr'><em>ι-ιῖ.</em></span> 
     </span>
    </p>
   </div>
   <div class='ocr_carea' id='block_1_9' title="bbox 176 1799 1885 3087">
    <p class='ocr_par' dir='ltr' id='par_1_12' title="bbox 181 1799 1449 1855">
     <span class='ocr_line' id='line_1_25' title="bbox 181 1799 1449 1855; baseline 0 -16"><span class='ocrx_word' id='word_1_248' title='bbox 181 1799 186 1853; x_wconf 82' lang='lat' dir='ltr'><strong>l</strong></span> <span class='ocrx_word' id='word_1_249' title='bbox 220 1799 335 1839; x_wconf 89' lang='lat' dir='ltr'><em>Febr.</em></span> <span class='ocrx_word' id='word_1_250' title='bbox 367 1800 429 1839; x_wconf 76' lang='grc' dir='ltr'><em>Ι.13</em></span> <span class='ocrx_word' id='word_1_251' title='bbox 474 1800 614 1840; x_wconf 85' lang='lat' dir='ltr'><em>Omnia</em></span> <span class='ocrx_word' id='word_1_252' title='bbox 644 1806 741 1840; x_wconf 82' lang='lat' dir='ltr'><em>tuta.</em></span> <span class='ocrx_word' id='word_1_253' title='bbox 764 1800 872 1841; x_wconf 91' lang='lat' dir='ltr'><em>Votis</em></span> <span class='ocrx_word' id='word_1_254' title='bbox 902 1801 946 1849; x_wconf 86' lang='lat' dir='ltr'><em>X,</em></span> <span class='ocrx_word' id='word_1_255' title='bbox 974 1801 980 1855; x_wconf 90' lang='grc'>1</span> <span class='ocrx_word' id='word_1_256' title='bbox 1008 1801 1183 1853; x_wconf 81' lang='lat' dir='ltr'><em>cogiariu</em></span> <span class='ocrx_word' id='word_1_257' title='bbox 1211 1801 1246 1840; x_wconf 88' lang='lat' dir='ltr'>X</span> <span class='ocrx_word' id='word_1_258' title='bbox 1275 1800 1449 1840; x_wconf 78' lang='lat' dir='ltr'><em>aurios.¹⁴</em></span> 
     </span>
    </p>

    <p class='ocr_par' dir='ltr' id='par_1_13' title="bbox 176 1866 1885 3087">
     <span class='ocr_line' id='line_1_26' title="bbox 289 1866 1885 1911; baseline -0.001 -12"><span class='ocrx_word' id='word_1_259' title='bbox 289 1866 420 1899; x_wconf 84' lang='lat' dir='ltr'><em>Romae</em></span> <span class='ocrx_word' id='word_1_260' title='bbox 437 1870 538 1900; x_wconf 78' lang='lat' dir='ltr'><em>trans</em></span> <span class='ocrx_word' id='word_1_261' title='bbox 554 1866 708 1900; x_wconf 77' lang='lat' dir='ltr'><em>Tiberim</em></span> <span class='ocrx_word' id='word_1_262' title='bbox 723 1870 763 1899; x_wconf 88' lang='lat' dir='ltr'><em>in</em></span> <span class='ocrx_word' id='word_1_263' title='bbox 780 1867 940 1908; x_wconf 80' lang='lat' dir='ltr'><em>aedificii</em></span> <span class='ocrx_word' id='word_1_264' title='bbox 952 1867 1146 1910; x_wconf 73' lang='lat' dir='ltr'><em>cuiusdam,</em></span> <span class='ocrx_word' id='word_1_265' title='bbox 1164 1867 1259 1911; x_wconf 84' lang='lat' dir='ltr'><em>quod</em></span> <span class='ocrx_word' id='word_1_266' title='bbox 1269 1868 1532 1899; x_wconf 71' lang='lat' dir='ltr'><em>eoecubitorium</em></span> <span class='ocrx_word' id='word_1_267' title='bbox 1544 1867 1702 1900; x_wconf 69' lang='lat' dir='ltr'><em>cohortis</em></span> <span class='ocrx_word' id='word_1_268' title='bbox 1716 1867 1885 1909; x_wconf 67' lang='lat' dir='ltr'><em>septimae</em></span> 
     </span>
     <span class='ocr_line' id='line_1_27' title="bbox 176 1921 1885 1967; baseline 0.001 -13"><span class='ocrx_word' id='word_1_269' title='bbox 176 1922 328 1964; x_wconf 80' lang='lat' dir='ltr'><em>vigilum</em></span> <span class='ocrx_word' id='word_1_270' title='bbox 345 1922 456 1962; x_wconf 74' lang='lat' dir='ltr'><em>fuisse</em></span> <span class='ocrx_word' id='word_1_271' title='bbox 471 1924 615 1957; x_wconf 85' lang='lat' dir='ltr'><em>videtur</em></span> <span class='ocrx_word' id='word_1_272' title='bbox 633 1922 696 1967; x_wconf 79' lang='lat' dir='ltr'><em>(cf.</em></span> <span class='ocrx_word' id='word_1_273' title='bbox 710 1925 783 1956; x_wconf 86' lang='lat' dir='ltr'><em>not.</em></span> <span class='ocrx_word' id='word_1_274' title='bbox 793 1923 842 1967; x_wconf 79' lang='lat'><em>4),</em></span> <span class='ocrx_word' id='word_1_275' title='bbox 856 1925 1064 1966; x_wconf 77' lang='lat' dir='ltr'><em>parietibus,</em></span> <span class='ocrx_word' id='word_1_276' title='bbox 1080 1925 1332 1966; x_wconf 74' lang='lat' dir='ltr'><em>inscriptiones</em></span> <span class='ocrx_word' id='word_1_277' title='bbox 1342 1923 1568 1966; x_wconf 75' lang='lat' dir='ltr'><em>scariphatae</em></span> <span class='ocrx_word' id='word_1_278' title='bbox 1585 1922 1658 1966; x_wconf 82' lang='lat' dir='ltr'><em>(VJ</em></span> <span class='ocrx_word' id='word_1_279' title='bbox 1667 1922 1766 1958; x_wconf 70' lang='grc'><strong>3040.</strong></span> <span class='ocrx_word' id='word_1_280' title='bbox 1781 1921 1885 1956; x_wconf 77' lang='grc'><strong>5002.</strong></span> 
     </span>
     <span class='ocr_line' id='line_1_28' title="bbox 176 1977 1884 2022; baseline 0.001 -11"><span class='ocrx_word' id='word_1_281' title='bbox 176 1979 274 2012; x_wconf 80' lang='lat'><em>3076.</em></span> <span class='ocrx_word' id='word_1_282' title='bbox 296 1980 401 2019; x_wconf 83' lang='lat'><strong>2998)</strong></span> <span class='ocrx_word' id='word_1_283' title='bbox 409 1992 422 2020; x_wconf 88' lang='lat'><em>,·</em></span> <span class='ocrx_word' id='word_1_284' title='bbox 445 1980 566 2012; x_wconf 89' lang='lat' dir='ltr'><em>eodem</em></span> <span class='ocrx_word' id='word_1_285' title='bbox 590 1979 666 2012; x_wconf 89' lang='lat' dir='ltr'><em>loco</em></span> <span class='ocrx_word' id='word_1_286' title='bbox 692 1982 821 2021; x_wconf 77' lang='lat' dir='ltr'><em>extant</em></span> <span class='ocrx_word' id='word_1_287' title='bbox 834 1980 967 2013; x_wconf 88' lang='lat' dir='ltr'><em>multae</em></span> <span class='ocrx_word' id='word_1_288' title='bbox 991 1980 1086 2013; x_wconf 86' lang='lat' dir='ltr'><em>aliae</em></span> <span class='ocrx_word' id='word_1_289' title='bbox 1101 1980 1234 2013; x_wconf 73' lang='lat' dir='ltr'><em>similes</em></span> <span class='ocrx_word' id='word_1_290' title='bbox 1256 1980 1506 2022; x_wconf 75' lang='lat' dir='ltr'><em>inscriptiones</em></span> <span class='ocrx_word' id='word_1_291' title='bbox 1529 1977 1603 2018; x_wconf 81' lang='lat' dir='ltr'><em>(VJ</em></span> <span class='ocrx_word' id='word_1_292' title='bbox 1619 1977 1884 2019; x_wconf 73' lang='lat'><em>2999—3091).</em></span> 
     </span>
     <span class='ocr_line' id='line_1_29' title="bbox 177 2027 1883 2079; baseline -0.001 -11"><span class='ocrx_word' id='word_1_293' title='bbox 177 2054 222 2059; x_wconf 93' lang='lat'><em>-</em></span> <span class='ocrx_word' id='word_1_294' title='bbox 255 2037 287 2075; x_wconf 92' lang='lat'><em>1)</em></span> <span class='ocrx_word' id='word_1_295' title='bbox 315 2035 533 2069; x_wconf 81' lang='lat' dir='ltr'><em>Vocabulum</em></span> <span class='ocrx_word' id='word_1_296' title='bbox 564 2037 653 2069; x_wconf 87' lang='lat' dir='ltr'><em>alibi</em></span> <span class='ocrx_word' id='word_1_297' title='bbox 675 2046 748 2069; x_wconf 90' lang='lat' dir='ltr'><em>non</em></span> <span class='ocrx_word' id='word_1_298' title='bbox 772 2039 970 2079; x_wconf 87' lang='lat' dir='ltr'><em>repertum,</em></span> <span class='ocrx_word' id='word_1_299' title='bbox 1002 2037 1218 2078; x_wconf 76' lang='lat' dir='ltr'><em>derivatum,</em></span> <span class='ocrx_word' id='word_1_300' title='bbox 1248 2038 1289 2068; x_wconf 86' lang='lat' dir='ltr'><em>ut</em></span> <span class='ocrx_word' id='word_1_301' title='bbox 1312 2036 1465 2068; x_wconf 84' lang='lat' dir='ltr'><em>coniecit</em></span> <span class='ocrx_word' id='word_1_302' title='bbox 1485 2035 1524 2068; x_wconf 86' lang='grc' dir='ltr'><em>Ρ.</em></span> <span class='ocrx_word' id='word_1_303' title='bbox 1546 2034 1589 2068; x_wconf 78' lang='grc' dir='ltr'><em>Η.</em></span> <span class='ocrx_word' id='word_1_304' title='bbox 1612 2027 1830 2077; x_wconf 70' lang='lat' dir='ltr'><em>Viscontius‚</em></span> <span class='ocrx_word' id='word_1_305' title='bbox 1859 2045 1883 2067; x_wconf 88' lang='lat' dir='ltr'><em>a</em></span> 
     </span>
     <span class='ocr_line' id='line_1_30' title="bbox 176 2090 1884 2135; baseline 0.001 -13"><span class='ocrx_word' id='word_1_306' title='bbox 176 2092 267 2132; x_wconf 78' lang='lat' dir='ltr'><em>sebo,</em></span> <span class='ocrx_word' id='word_1_307' title='bbox 291 2092 344 2123; x_wconf 89' lang='lat' dir='ltr'><em>ita</em></span> <span class='ocrx_word' id='word_1_308' title='bbox 361 2095 401 2124; x_wconf 85' lang='lat' dir='ltr'><em>ut</em></span> <span class='ocrx_word' id='word_1_309' title='bbox 416 2094 615 2125; x_wconf 72' lang='lat' dir='ltr'><em>sebaeiaria</em></span> <span class='ocrx_word' id='word_1_310' title='bbox 632 2091 766 2134; x_wconf 79' lang='lat' dir='ltr'><em>faeere,</em></span> <span class='ocrx_word' id='word_1_311' title='bbox 791 2092 887 2134; x_wconf 82' lang='lat' dir='ltr'><em>quod</em></span> <span class='ocrx_word' id='word_1_312' title='bbox 908 2094 948 2125; x_wconf 88' lang='lat' dir='ltr'><em>in</em></span> <span class='ocrx_word' id='word_1_313' title='bbox 968 2092 1151 2135; x_wconf 79' lang='lat' dir='ltr'><em>plerisque</em></span> <span class='ocrx_word' id='word_1_314' title='bbox 1175 2093 1230 2124; x_wconf 77' lang='lat' dir='ltr'><em>his</em></span> <span class='ocrx_word' id='word_1_315' title='bbox 1253 2092 1370 2124; x_wconf 79' lang='lat' dir='ltr'><em>titulis</em></span> <span class='ocrx_word' id='word_1_316' title='bbox 1393 2091 1518 2133; x_wconf 72' lang='lat' dir='ltr'><em>vigiles</em></span> <span class='ocrx_word' id='word_1_317' title='bbox 1541 2091 1584 2123; x_wconf 78' lang='lat' dir='ltr'><em>de</em></span> <span class='ocrx_word' id='word_1_318' title='bbox 1604 2101 1642 2124; x_wconf 71' lang='lat' dir='ltr'><em>ee</em></span> <span class='ocrx_word' id='word_1_319' title='bbox 1661 2090 1884 2134; x_wconf 76' lang='lat' dir='ltr'><em>praedicant,</em></span> 
     </span>
     <span class='ocr_line' id='line_1_31' title="bbox 176 2147 1884 2192; baseline -0.001 -12"><span class='ocrx_word' id='word_1_320' title='bbox 176 2147 270 2180; x_wconf 86' lang='lat' dir='ltr'><em>idem</em></span> <span class='ocrx_word' id='word_1_321' title='bbox 293 2149 343 2180; x_wconf 79' lang='lat' dir='ltr'><em>sit</em></span> <span class='ocrx_word' id='word_1_322' title='bbox 367 2148 461 2191; x_wconf 83' lang='lat' dir='ltr'><em>quod</em></span> <span class='ocrx_word' id='word_1_323' title='bbox 485 2148 621 2181; x_wconf 88' lang='lat' dir='ltr'><em>lumina</em></span> <span class='ocrx_word' id='word_1_324' title='bbox 647 2148 847 2183; x_wconf 82' lang='lat' dir='ltr'><em>accendere.</em></span> <span class='ocrx_word' id='word_1_325' title='bbox 890 2149 961 2181; x_wconf 81' lang='lat' dir='ltr'><em>Sed</em></span> <span class='ocrx_word' id='word_1_326' title='bbox 990 2150 1069 2192; x_wconf 77' lang='lat' dir='ltr'><em>ipsa</em></span> <span class='ocrx_word' id='word_1_327' title='bbox 1093 2149 1180 2180; x_wconf 78' lang='lat' dir='ltr'><em>baec</em></span> <span class='ocrx_word' id='word_1_328' title='bbox 1211 2159 1268 2180; x_wconf 78' lang='lat' dir='ltr'><em>res</em></span> <span class='ocrx_word' id='word_1_329' title='bbox 1291 2158 1361 2190; x_wconf 82' lang='lat' dir='ltr'><em>quo</em></span> <span class='ocrx_word' id='word_1_330' title='bbox 1380 2149 1578 2190; x_wconf 81' lang='lat' dir='ltr'><em>pertineat,</em></span> <span class='ocrx_word' id='word_1_331' title='bbox 1604 2148 1884 2190; x_wconf 81' lang='lat' dir='ltr'><em>incompertum,-</em></span> 
     </span>
     <span class='ocr_line' id='line_1_32' title="bbox 180 2202 1884 2248; baseline -0.001 -11"><span class='ocrx_word' id='word_1_332' title='bbox 180 2203 226 2243; x_wconf 79' lang='lat' dir='ltr'><em>cl&#39;.</em></span> <span class='ocrx_word' id='word_1_333' title='bbox 258 2206 419 2237; x_wconf 85' lang='lat' dir='ltr'><em>virorum</em></span> <span class='ocrx_word' id='word_1_334' title='bbox 452 2205 639 2237; x_wconf 88' lang='lat' dir='ltr'><em>doctorum</em></span> <span class='ocrx_word' id='word_1_335' title='bbox 673 2206 913 2246; x_wconf 79' lang='lat' dir='ltr'><em>coniecturas,</em></span> <span class='ocrx_word' id='word_1_336' title='bbox 948 2215 1003 2248; x_wconf 83' lang='lat' dir='ltr'><em>op.</em></span> <span class='ocrx_word' id='word_1_337' title='bbox 1029 2206 1170 2237; x_wconf 80' lang='lat' dir='ltr'><em>Henzen</em></span> <span class='ocrx_word' id='word_1_338' title='bbox 1203 2215 1286 2238; x_wconf 88' lang='lat' dir='ltr'><em>ann.</em></span> <span class='ocrx_word' id='word_1_339' title='bbox 1318 2205 1401 2237; x_wconf 78' lang='lat' dir='ltr'><em>inst.</em></span> <span class='ocrx_word' id='word_1_340' title='bbox 1432 2204 1529 2237; x_wconf 74' lang='lat' dir='ltr'><em>arch.</em></span> <span class='ocrx_word' id='word_1_341' title='bbox 1553 2202 1636 2237; x_wconf 77' lang='grc'><strong><em>4874</em></strong></span> <span class='ocrx_word' id='word_1_342' title='bbox 1664 2213 1700 2246; x_wconf 85' lang='lat' dir='ltr'><em>p.</em></span> <span class='ocrx_word' id='word_1_343' title='bbox 1723 2203 1790 2236; x_wconf 87' lang='grc'><em>420</em></span> <span class='ocrx_word' id='word_1_344' title='bbox 1802 2212 1884 2245; x_wconf 67' lang='lat' dir='ltr'><em>seq„</em></span> 
     </span>
     <span class='ocr_line' id='line_1_33' title="bbox 186 2258 1882 2304; baseline -0.002 -11"><span class='ocrx_word' id='word_1_345' title='bbox 186 2260 381 2294; x_wconf 85' lang='lat' dir='ltr'><em>Cantarelli</em></span> <span class='ocrx_word' id='word_1_346' title='bbox 404 2261 487 2294; x_wconf 90' lang='lat' dir='ltr'><em>bull.</em></span> <span class='ocrx_word' id='word_1_347' title='bbox 512 2270 599 2294; x_wconf 88' lang='lat' dir='ltr'><em>com.</em></span> <span class='ocrx_word' id='word_1_348' title='bbox 624 2261 709 2294; x_wconf 87' lang='grc'><strong><em>4886</em></strong></span> <span class='ocrx_word' id='word_1_349' title='bbox 731 2271 766 2303; x_wconf 85' lang='lat' dir='ltr'><em>p.</em></span> <span class='ocrx_word' id='word_1_350' title='bbox 791 2261 860 2294; x_wconf 78' lang='grc'><strong><em>257</em></strong></span> <span class='ocrx_word' id='word_1_351' title='bbox 871 2272 940 2304; x_wconf 81' lang='lat' dir='ltr'><em>seq.</em></span> <span class='ocrx_word' id='word_1_352' title='bbox 972 2280 1014 2285; x_wconf 88' lang='lat'>-</span> <span class='ocrx_word' id='word_1_353' title='bbox 1046 2262 1080 2301; x_wconf 83' lang='lat'><em>2)</em></span> <span class='ocrx_word' id='word_1_354' title='bbox 1116 2259 1284 2302; x_wconf 75' lang='lat' dir='ltr'><em>Officium</em></span> <span class='ocrx_word' id='word_1_355' title='bbox 1314 2261 1514 2293; x_wconf 75' lang='lat' dir='ltr'><em>sebaeiaria</em></span> <span class='ocrx_word' id='word_1_356' title='bbox 1536 2258 1698 2299; x_wconf 79' lang='lat' dir='ltr'><em>faciendi</em></span> <span class='ocrx_word' id='word_1_357' title='bbox 1725 2269 1790 2302; x_wconf 84' lang='lat' dir='ltr'><em>per</em></span> <span class='ocrx_word' id='word_1_358' title='bbox 1810 2259 1882 2290; x_wconf 78' lang='lat' dir='ltr'><em>sin-</em></span> 
     </span>
     <span class='ocr_line' id='line_1_34' title="bbox 176 2308 1883 2360; baseline -0.002 -10"><span class='ocrx_word' id='word_1_359' title='bbox 176 2318 284 2359; x_wconf 80' lang='lat' dir='ltr'><em>gulos</em></span> <span class='ocrx_word' id='word_1_360' title='bbox 307 2327 440 2350; x_wconf 81' lang='lat' dir='ltr'><em>menses</em></span> <span class='ocrx_word' id='word_1_361' title='bbox 463 2317 606 2350; x_wconf 85' lang='lat' dir='ltr'><em>videtur</em></span> <span class='ocrx_word' id='word_1_362' title='bbox 621 2318 792 2360; x_wconf 84' lang='lat' dir='ltr'><em>vigilibus</em></span> <span class='ocrx_word' id='word_1_363' title='bbox 808 2319 1012 2350; x_wconf 86' lang='lat' dir='ltr'><em>iniunctum</em></span> <span class='ocrx_word' id='word_1_364' title='bbox 1028 2316 1149 2357; x_wconf 74' lang='lat' dir='ltr'><em>fuisse.</em></span> <span class='ocrx_word' id='word_1_365' title='bbox 1173 2337 1216 2342; x_wconf 89' lang='lat'><em>-</em></span> <span class='ocrx_word' id='word_1_366' title='bbox 1241 2318 1277 2358; x_wconf 86' lang='lat'><em>3)</em></span> <span class='ocrx_word' id='word_1_367' title='bbox 1300 2316 1400 2350; x_wconf 68' lang='lat' dir='ltr'><em>Ser„-</em></span> <span class='ocrx_word' id='word_1_368' title='bbox 1424 2316 1551 2359; x_wconf 77' lang='lat' dir='ltr'><em>gratius</em></span> <span class='ocrx_word' id='word_1_369' title='bbox 1574 2324 1682 2358; x_wconf 78' lang='lat' dir='ltr'><em>agam.</em></span> <span class='ocrx_word' id='word_1_370' title='bbox 1698 2333 1743 2340; x_wconf 90' lang='lat'><strong>—</strong></span> <span class='ocrx_word' id='word_1_371' title='bbox 1759 2308 1883 2353; x_wconf 81' lang='lat' dir='ltr'><em>4)‘Co-</em></span> 
     </span>
     <span class='ocr_line' id='line_1_35' title="bbox 178 2365 1884 2416; baseline -0.002 -10"><span class='ocrx_word' id='word_1_372' title='bbox 178 2375 298 2406; x_wconf 81' lang='lat' dir='ltr'><em>hortes</em></span> <span class='ocrx_word' id='word_1_373' title='bbox 329 2374 480 2416; x_wconf 80' lang='lat' dir='ltr'><em>vigilum</em></span> <span class='ocrx_word' id='word_1_374' title='bbox 516 2374 600 2414; x_wconf 89' lang='lat' dir='ltr'><em>VII,</em></span> <span class='ocrx_word' id='word_1_375' title='bbox 634 2383 785 2416; x_wconf 85' lang='lat' dir='ltr'><em>quorum</em></span> <span class='ocrx_word' id='word_1_376' title='bbox 811 2375 1036 2406; x_wconf 75' lang='lat' dir='ltr'><em>excubitoria</em></span> <span class='ocrx_word' id='word_1_377' title='bbox 1066 2367 1188 2407; x_wconf 87' lang='lat' dir='ltr'><em>XIIII&#39;</em></span> <span class='ocrx_word' id='word_1_378' title='bbox 1221 2373 1353 2416; x_wconf 84' lang='lat' dir='ltr'><em>legitur</em></span> <span class='ocrx_word' id='word_1_379' title='bbox 1382 2373 1422 2405; x_wconf 88' lang='lat' dir='ltr'><em>in</em></span> <span class='ocrx_word' id='word_1_380' title='bbox 1454 2365 1632 2405; x_wconf 73' lang='lat' dir='ltr'><em>breviario</em></span> <span class='ocrx_word' id='word_1_381' title='bbox 1665 2367 1802 2403; x_wconf 74' lang='lat' dir='ltr'><em>adiecto</em></span> <span class='ocrx_word' id='word_1_382' title='bbox 1834 2369 1884 2403; x_wconf 85' lang='lat' dir='ltr'><em>ad</em></span> 
     </span>
     <span class='ocr_line' id='line_1_36' title="bbox 178 2427 1882 2472; baseline -0.002 -11"><span class='ocrx_word' id='word_1_383' title='bbox 178 2428 354 2462; x_wconf 86' lang='lat' dir='ltr'><em>Notitiam</em></span> <span class='ocrx_word' id='word_1_384' title='bbox 378 2431 478 2462; x_wconf 81' lang='lat' dir='ltr'><em>urbis</em></span> <span class='ocrx_word' id='word_1_385' title='bbox 503 2430 658 2469; x_wconf 85' lang='lat' dir='ltr'><em>(Jordan</em></span> <span class='ocrx_word' id='word_1_386' title='bbox 676 2433 744 2472; x_wconf 84' lang='lat' dir='ltr'><em>top.</em></span> <span class='ocrx_word' id='word_1_387' title='bbox 763 2430 803 2462; x_wconf 90' lang='lat' dir='ltr'><em>II</em></span> <span class='ocrx_word' id='word_1_388' title='bbox 820 2440 855 2472; x_wconf 89' lang='lat' dir='ltr'><em>p.</em></span> <span class='ocrx_word' id='word_1_389' title='bbox 871 2430 970 2471; x_wconf 72' lang='lat'><em>575).</em></span> <span class='ocrx_word' id='word_1_390' title='bbox 1008 2430 1224 2470; x_wconf 81' lang='lat' dir='ltr'><em>Aedificium</em></span> <span class='ocrx_word' id='word_1_391' title='bbox 1246 2431 1373 2472; x_wconf 84' lang='lat' dir='ltr'><em>igitur,</em></span> <span class='ocrx_word' id='word_1_392' title='bbox 1395 2431 1435 2462; x_wconf 89' lang='lat' dir='ltr'><em>in</em></span> <span class='ocrx_word' id='word_1_393' title='bbox 1460 2438 1528 2471; x_wconf 81' lang='lat' dir='ltr'><em>quo</em></span> <span class='ocrx_word' id='word_1_394' title='bbox 1552 2429 1618 2460; x_wconf 78' lang='lat' dir='ltr'><em>hae</em></span> <span class='ocrx_word' id='word_1_395' title='bbox 1633 2427 1882 2468; x_wconf 61' lang='lat' dir='ltr'><em>inscriptiones</em></span> 
     </span>
     <span class='ocr_line' id='line_1_37' title="bbox 178 2479 1883 2530; baseline -0.002 -13"><span class='ocrx_word' id='word_1_396' title='bbox 178 2488 340 2527; x_wconf 83' lang='lat' dir='ltr'><em>repertae</em></span> <span class='ocrx_word' id='word_1_397' title='bbox 354 2489 448 2528; x_wconf 78' lang='lat' dir='ltr'><em>sunt,</em></span> <span class='ocrx_word' id='word_1_398' title='bbox 460 2484 536 2523; x_wconf 75' lang='lat' dir='ltr'><em>fuit</em></span> <span class='ocrx_word' id='word_1_399' title='bbox 551 2487 814 2518; x_wconf 68' lang='lat' dir='ltr'><em>excubitor-ium</em></span> <span class='ocrx_word' id='word_1_400' title='bbox 830 2487 986 2519; x_wconf 78' lang='lat' dir='ltr'><em>cohortis</em></span> <span class='ocrx_word' id='word_1_401' title='bbox 996 2488 1165 2530; x_wconf 74' lang='lat' dir='ltr'><em>septimae</em></span> <span class='ocrx_word' id='word_1_402' title='bbox 1177 2487 1339 2528; x_wconf 72' lang='lat' dir='ltr'><em>vigilum,</em></span> <span class='ocrx_word' id='word_1_403' title='bbox 1352 2479 1565 2519; x_wconf 71' lang='lat' dir='ltr'><em>destinatum</em></span> <span class='ocrx_word' id='word_1_404' title='bbox 1577 2482 1709 2516; x_wconf 77' lang='lat' dir='ltr'><em>tutelae</em></span> <span class='ocrx_word' id='word_1_405' title='bbox 1722 2482 1883 2524; x_wconf 72' lang='lat' dir='ltr'><em>regionis</em></span> 
     </span>
     <span class='ocr_line' id='line_1_38' title="bbox 179 2539 1882 2586; baseline -0.002 -13"><span class='ocrx_word' id='word_1_406' title='bbox 179 2541 335 2574; x_wconf 83' lang='lat' dir='ltr'><em>decimae</em></span> <span class='ocrx_word' id='word_1_407' title='bbox 359 2544 519 2583; x_wconf 83' lang='lat' dir='ltr'><em>quartae.</em></span> <span class='ocrx_word' id='word_1_408' title='bbox 545 2560 583 2564; x_wconf 86' lang='lat'>—</span> <span class='ocrx_word' id='word_1_409' title='bbox 614 2544 648 2583; x_wconf 87' lang='lat'><em>5)</em></span> <span class='ocrx_word' id='word_1_410' title='bbox 673 2541 773 2575; x_wconf 87' lang='lat' dir='ltr'><em>Ser..·</em></span> <span class='ocrx_word' id='word_1_411' title='bbox 798 2543 1068 2586; x_wconf 85' lang='lat' dir='ltr'><em>commanipulis.</em></span> <span class='ocrx_word' id='word_1_412' title='bbox 1094 2562 1133 2566; x_wconf 52' lang='lat' dir='ltr'>m</span> <span class='ocrx_word' id='word_1_413' title='bbox 1166 2545 1200 2583; x_wconf 87' lang='grc'><em>6)</em></span> <span class='ocrx_word' id='word_1_414' title='bbox 1228 2543 1271 2578; x_wconf 90' lang='grc' dir='ltr'><em>Α.</em></span> <span class='ocrx_word' id='word_1_415' title='bbox 1294 2542 1375 2577; x_wconf 77' lang='grc'><em>245.</em></span> <span class='ocrx_word' id='word_1_416' title='bbox 1415 2541 1499 2574; x_wconf 83' lang='lat' dir='ltr'><em>Cum</em></span> <span class='ocrx_word' id='word_1_417' title='bbox 1521 2539 1643 2573; x_wconf 68' lang='lat' dir='ltr'><em>mulas</em></span> <span class='ocrx_word' id='word_1_418' title='bbox 1669 2549 1716 2571; x_wconf 70' lang='grc' dir='ltr'><em>σω</em></span> <span class='ocrx_word' id='word_1_419' title='bbox 1744 2539 1800 2570; x_wconf 71' lang='lat' dir='ltr'><em>bie</em></span> <span class='ocrx_word' id='word_1_420' title='bbox 1828 2539 1882 2570; x_wconf 82' lang='lat' dir='ltr'><em>in-</em></span> 
     </span>
     <span class='ocr_line' id='line_1_39' title="bbox 180 2593 1883 2642; baseline -0.002 -13"><span class='ocrx_word' id='word_1_421' title='bbox 180 2598 451 2640; x_wconf 76' lang='lat' dir='ltr'><em>scriptiunculis</em></span> <span class='ocrx_word' id='word_1_422' title='bbox 468 2598 600 2630; x_wconf 86' lang='lat' dir='ltr'><em>adiecti</em></span> <span class='ocrx_word' id='word_1_423' title='bbox 615 2602 699 2630; x_wconf 78' lang='lat' dir='ltr'><em>sunt</em></span> <span class='ocrx_word' id='word_1_424' title='bbox 717 2599 886 2639; x_wconf 78' lang='lat' dir='ltr'><em>consules,</em></span> <span class='ocrx_word' id='word_1_425' title='bbox 903 2599 998 2633; x_wconf 87' lang='lat' dir='ltr'><em>nulli</em></span> <span class='ocrx_word' id='word_1_426' title='bbox 1013 2600 1245 2642; x_wconf 84' lang='lat' dir='ltr'><em>reperiuntur</em></span> <span class='ocrx_word' id='word_1_427' title='bbox 1260 2599 1481 2640; x_wconf 76' lang='lat' dir='ltr'><em>antiquiores</em></span> <span class='ocrx_word' id='word_1_428' title='bbox 1497 2605 1601 2639; x_wconf 82' lang='lat' dir='ltr'><em>quam</em></span> <span class='ocrx_word' id='word_1_429' title='bbox 1618 2596 1668 2628; x_wconf 78' lang='lat' dir='ltr'><em>hi.</em></span> <span class='ocrx_word' id='word_1_430' title='bbox 1679 2613 1724 2618; x_wconf 92' lang='lat'><strong>—</strong></span> <span class='ocrx_word' id='word_1_431' title='bbox 1741 2594 1775 2636; x_wconf 78' lang='lat'><em>7)</em></span> <span class='ocrx_word' id='word_1_432' title='bbox 1790 2593 1883 2627; x_wconf 67' lang='lat' dir='ltr'><em>Mihi</em></span> 
     </span>
     <span class='ocr_line' id='line_1_40' title="bbox 179 2645 1879 2699; baseline -0.002 -13"><span class='ocrx_word' id='word_1_433' title='bbox 179 2654 323 2687; x_wconf 82' lang='lat' dir='ltr'><em>videtur</em></span> <span class='ocrx_word' id='word_1_434' title='bbox 341 2653 546 2695; x_wconf 78' lang='lat' dir='ltr'><em>significari</em></span> <span class='ocrx_word' id='word_1_435' title='bbox 563 2655 768 2686; x_wconf 76' lang='lat' dir='ltr'><em>consulatus</em></span> <span class='ocrx_word' id='word_1_436' title='bbox 789 2655 994 2688; x_wconf 69' lang='lat' dir='ltr'><em>Alemandri</em></span> <span class='ocrx_word' id='word_1_437' title='bbox 1010 2645 1163 2699; x_wconf 69' lang='lat' dir='ltr'><em>primu-3,</em></span> <span class='ocrx_word' id='word_1_438' title='bbox 1188 2664 1290 2698; x_wconf 87' lang='lat' dir='ltr'><em>quem</em></span> <span class='ocrx_word' id='word_1_439' title='bbox 1311 2654 1399 2686; x_wconf 88' lang='lat' dir='ltr'><em>iniit</em></span> <span class='ocrx_word' id='word_1_440' title='bbox 1422 2662 1501 2686; x_wconf 87' lang='lat' dir='ltr'><em>cum</em></span> <span class='ocrx_word' id='word_1_441' title='bbox 1517 2651 1715 2694; x_wconf 82' lang='lat' dir='ltr'><em>Elagabalo</em></span> <span class='ocrx_word' id='word_1_442' title='bbox 1739 2661 1773 2685; x_wconf 91' lang='lat' dir='ltr'><em>a.</em></span> <span class='ocrx_word' id='word_1_443' title='bbox 1796 2649 1879 2684; x_wconf 84' lang='grc'><em>222.</em></span> 
     </span>
     <span class='ocr_line' id='line_1_41' title="bbox 180 2706 1879 2752; baseline -0.003 -8"><span class='ocrx_word' id='word_1_444' title='bbox 180 2730 221 2734; x_wconf 88' lang='lat'>—</span> <span class='ocrx_word' id='word_1_445' title='bbox 243 2711 275 2752; x_wconf 89' lang='lat'><em>8)</em></span> <span class='ocrx_word' id='word_1_446' title='bbox 295 2710 521 2743; x_wconf 81' lang='lat' dir='ltr'><em>Centurionis</em></span> <span class='ocrx_word' id='word_1_447' title='bbox 538 2710 712 2743; x_wconf 84' lang='lat' dir='ltr'><em>adiutore.</em></span> <span class='ocrx_word' id='word_1_448' title='bbox 753 2710 848 2743; x_wconf 87' lang='lat' dir='ltr'><em>Idem</em></span> <span class='ocrx_word' id='word_1_449' title='bbox 873 2712 1020 2744; x_wconf 87' lang='lat' dir='ltr'><em>adiutor</em></span> <span class='ocrx_word' id='word_1_450' title='bbox 1036 2713 1258 2744; x_wconf 75' lang='lat' dir='ltr'><em>centurionis</em></span> <span class='ocrx_word' id='word_1_451' title='bbox 1272 2711 1492 2743; x_wconf 86' lang='lat' dir='ltr'><em>memoratur</em></span> <span class='ocrx_word' id='word_1_452' title='bbox 1515 2707 1668 2742; x_wconf 75' lang='lat' dir='ltr'><strong><em>V15069</em></strong></span> <span class='ocrx_word' id='word_1_453' title='bbox 1691 2718 1786 2742; x_wconf 89' lang='lat' dir='ltr'><em>anno</em></span> <span class='ocrx_word' id='word_1_454' title='bbox 1799 2706 1879 2741; x_wconf 83' lang='grc'><em>224.</em></span> 
     </span>
     <span class='ocr_line' id='line_1_42' title="bbox 180 2764 1879 2809; baseline -0.003 -9"><span class='ocrx_word' id='word_1_455' title='bbox 180 2785 221 2790; x_wconf 80' lang='lat'><strong>—</strong></span> <span class='ocrx_word' id='word_1_456' title='bbox 241 2768 275 2806; x_wconf 84' lang='lat'><em>9)</em></span> <span class='ocrx_word' id='word_1_457' title='bbox 299 2765 396 2799; x_wconf 83' lang='lat' dir='ltr'><em>Nota</em></span> <span class='ocrx_word' id='word_1_458' title='bbox 420 2767 641 2799; x_wconf 72' lang='lat' dir='ltr'><em>centurionis</em></span> <span class='ocrx_word' id='word_1_459' title='bbox 664 2766 716 2797; x_wconf 77' lang='lat' dir='ltr'><em>bis</em></span> <span class='ocrx_word' id='word_1_460' title='bbox 737 2768 854 2808; x_wconf 81' lang='lat' dir='ltr'><em>posita</em></span> <span class='ocrx_word' id='word_1_461' title='bbox 880 2768 968 2809; x_wconf 84' lang='lat' dir='ltr'><em>quid</em></span> <span class='ocrx_word' id='word_1_462' title='bbox 990 2769 1061 2800; x_wconf 76' lang='lat' dir='ltr'><em>sibi</em></span> <span class='ocrx_word' id='word_1_463' title='bbox 1081 2767 1177 2808; x_wconf 82' lang='lat' dir='ltr'><em>velit,</em></span> <span class='ocrx_word' id='word_1_464' title='bbox 1201 2769 1330 2800; x_wconf 77' lang='lat' dir='ltr'><em>nescio.</em></span> <span class='ocrx_word' id='word_1_465' title='bbox 1353 2784 1400 2791; x_wconf 93' lang='lat'><strong>—</strong></span> <span class='ocrx_word' id='word_1_466' title='bbox 1425 2766 1480 2807; x_wconf 91' lang='lat'><em>10)</em></span> <span class='ocrx_word' id='word_1_467' title='bbox 1502 2764 1756 2798; x_wconf 75' lang='lat' dir='ltr'><em>Emituliarius</em></span> <span class='ocrx_word' id='word_1_468' title='bbox 1778 2773 1879 2796; x_wconf 85' lang='lat' dir='ltr'><em>voca-</em></span> 
     </span>
     <span class='ocr_line' id='line_1_43' title="bbox 179 2820 1879 2865; baseline -0.003 -10"><span class='ocrx_word' id='word_1_469' title='bbox 179 2823 319 2865; x_wconf 85' lang='lat' dir='ltr'><em>bulum,</em></span> <span class='ocrx_word' id='word_1_470' title='bbox 349 2823 445 2865; x_wconf 85' lang='lat' dir='ltr'><em>quod</em></span> <span class='ocrx_word' id='word_1_471' title='bbox 466 2822 593 2854; x_wconf 87' lang='lat' dir='ltr'><em>lectum</em></span> <span class='ocrx_word' id='word_1_472' title='bbox 618 2824 670 2853; x_wconf 82' lang='lat' dir='ltr'><em>est</em></span> <span class='ocrx_word' id='word_1_473' title='bbox 694 2823 802 2854; x_wconf 86' lang='lat' dir='ltr'><em>etiam</em></span> <span class='ocrx_word' id='word_1_474' title='bbox 826 2824 865 2854; x_wconf 85' lang='lat' dir='ltr'><em>in</em></span> <span class='ocrx_word' id='word_1_475' title='bbox 889 2823 1003 2855; x_wconf 83' lang='lat' dir='ltr'><em>altera</em></span> <span class='ocrx_word' id='word_1_476' title='bbox 1027 2824 1182 2856; x_wconf 81' lang='lat' dir='ltr'><em>eiusdem</em></span> <span class='ocrx_word' id='word_1_477' title='bbox 1210 2823 1370 2863; x_wconf 76' lang='lat' dir='ltr'><em>aedificii</em></span> <span class='ocrx_word' id='word_1_478' title='bbox 1397 2822 1649 2863; x_wconf 78' lang='lat' dir='ltr'><em>inscriptione,</em></span> <span class='ocrx_word' id='word_1_479' title='bbox 1681 2820 1879 2853; x_wconf 81' lang='lat' dir='ltr'><em>derivatum</em></span> 
     </span>
     <span class='ocr_line' id='line_1_44' title="bbox 180 2874 1879 2922; baseline -0.002 -13"><span class='ocrx_word' id='word_1_480' title='bbox 180 2878 320 2910; x_wconf 79' lang='lat' dir='ltr'><em>videtur</em></span> <span class='ocrx_word' id='word_1_481' title='bbox 343 2880 387 2911; x_wconf 92' lang='lat' dir='ltr'><em>ab</em></span> <span class='ocrx_word' id='word_1_482' title='bbox 405 2879 575 2918; x_wconf 87' lang='lat' dir='ltr'><em>emitolio,</em></span> <span class='ocrx_word' id='word_1_483' title='bbox 594 2876 642 2917; x_wconf 78' lang='lat' dir='ltr'><em>cf.</em></span> <span class='ocrx_word' id='word_1_484' title='bbox 661 2877 699 2911; x_wconf 88' lang='lat' dir='ltr'><em>G.</em></span> <span class='ocrx_word' id='word_1_485' title='bbox 717 2877 843 2910; x_wconf 88' lang='lat' dir='ltr'><em>Loewe</em></span> <span class='ocrx_word' id='word_1_486' title='bbox 867 2878 950 2911; x_wconf 85' lang='lat' dir='ltr'><em>bull.</em></span> <span class='ocrx_word' id='word_1_487' title='bbox 976 2879 1056 2912; x_wconf 86' lang='lat' dir='ltr'><em>dell’</em></span> <span class='ocrx_word' id='word_1_488' title='bbox 1080 2880 1165 2914; x_wconf 80' lang='lat' dir='ltr'><em>Inst.</em></span> <span class='ocrx_word' id='word_1_489' title='bbox 1182 2879 1270 2913; x_wconf 82' lang='grc'><strong><em>4882</em></strong></span> <span class='ocrx_word' id='word_1_490' title='bbox 1292 2890 1327 2922; x_wconf 86' lang='lat' dir='ltr'><em>p.</em></span> <span class='ocrx_word' id='word_1_491' title='bbox 1351 2879 1404 2912; x_wconf 82' lang='lat'><em>60.</em></span> <span class='ocrx_word' id='word_1_492' title='bbox 1428 2878 1500 2911; x_wconf 86' lang='grc'><em>494.</em></span> <span class='ocrx_word' id='word_1_493' title='bbox 1525 2896 1568 2901; x_wconf 88' lang='grc'>-</span> <span class='ocrx_word' id='word_1_494' title='bbox 1594 2878 1648 2917; x_wconf 87' lang='grc'><em>11)</em></span> <span class='ocrx_word' id='word_1_495' title='bbox 1671 2875 1713 2908; x_wconf 88' lang='lat' dir='ltr'><em>A.</em></span> <span class='ocrx_word' id='word_1_496' title='bbox 1736 2874 1818 2907; x_wconf 76' lang='lat'><em>229.</em></span> <span class='ocrx_word' id='word_1_497' title='bbox 1834 2893 1879 2898; x_wconf 92' lang='lat'><em>-</em></span> 
     </span>
     <span class='ocr_line' id='line_1_45' title="bbox 183 2929 1879 2977; baseline -0.002 -11"><span class='ocrx_word' id='word_1_498' title='bbox 183 2935 238 2975; x_wconf 85' lang='lat'><em>12)</em></span> <span class='ocrx_word' id='word_1_499' title='bbox 262 2934 394 2966; x_wconf 81' lang='lat' dir='ltr'><em>Mirum</em></span> <span class='ocrx_word' id='word_1_500' title='bbox 417 2945 568 2975; x_wconf 87' lang='lat' dir='ltr'><em>nomen‚·</em></span> <span class='ocrx_word' id='word_1_501' title='bbox 594 2935 753 2976; x_wconf 86' lang='lat' dir='ltr'><em>primam</em></span> <span class='ocrx_word' id='word_1_502' title='bbox 777 2933 932 2966; x_wconf 85' lang='lat' dir='ltr'><em>litteram</em></span> <span class='ocrx_word' id='word_1_503' title='bbox 956 2944 1029 2967; x_wconf 90' lang='lat' dir='ltr'><em>non</em></span> <span class='ocrx_word' id='word_1_504' title='bbox 1053 2938 1187 2967; x_wconf 85' lang='lat' dir='ltr'><em>certam</em></span> <span class='ocrx_word' id='word_1_505' title='bbox 1217 2935 1280 2967; x_wconf 77' lang='lat' dir='ltr'><em>sed</em></span> <span class='ocrx_word' id='word_1_506' title='bbox 1303 2933 1524 2977; x_wconf 81' lang='lat' dir='ltr'><em>probabilem</em></span> <span class='ocrx_word' id='word_1_507' title='bbox 1554 2942 1624 2964; x_wconf 71' lang='lat' dir='ltr'><em>esse</em></span> <span class='ocrx_word' id='word_1_508' title='bbox 1653 2932 1706 2963; x_wconf 80' lang='lat' dir='ltr'><em>ait</em></span> <span class='ocrx_word' id='word_1_509' title='bbox 1728 2929 1879 2963; x_wconf 80' lang='lat' dir='ltr'><em>Henzen.</em></span> 
     </span>
     <span class='ocr_line' id='line_1_46' title="bbox 184 2986 1879 3033; baseline -0.001 -13"><span class='ocrx_word' id='word_1_510' title='bbox 184 2989 239 3028; x_wconf 91' lang='lat'><em>13)</em></span> <span class='ocrx_word' id='word_1_511' title='bbox 263 2989 411 3022; x_wconf 87' lang='lat' dir='ltr'><em>Lineola</em></span> <span class='ocrx_word' id='word_1_512' title='bbox 436 3000 538 3032; x_wconf 75' lang='lat' dir='ltr'><em>casu,</em></span> <span class='ocrx_word' id='word_1_513' title='bbox 565 3000 638 3023; x_wconf 90' lang='lat' dir='ltr'><em>non</em></span> <span class='ocrx_word' id='word_1_514' title='bbox 663 2991 811 3023; x_wconf 76' lang='lat' dir='ltr'><em>consilio</em></span> <span class='ocrx_word' id='word_1_515' title='bbox 836 2990 987 3023; x_wconf 84' lang='lat' dir='ltr'><em>adiecta.</em></span> <span class='ocrx_word' id='word_1_516' title='bbox 1011 3008 1055 3014; x_wconf 93' lang='lat'>—</span> <span class='ocrx_word' id='word_1_517' title='bbox 1082 2992 1135 3032; x_wconf 88' lang='lat'><em>14)</em></span> <span class='ocrx_word' id='word_1_518' title='bbox 1162 2990 1232 3032; x_wconf 80' lang='lat' dir='ltr'><em>Qui</em></span> <span class='ocrx_word' id='word_1_519' title='bbox 1252 2992 1407 3033; x_wconf 78' lang='lat' dir='ltr'><em>scripsit,</em></span> <span class='ocrx_word' id='word_1_520' title='bbox 1431 2989 1604 3031; x_wconf 76' lang='lat' dir='ltr'><em>cogitavit</em></span> <span class='ocrx_word' id='word_1_521' title='bbox 1626 2986 1668 3018; x_wconf 87' lang='lat' dir='ltr'><em>de</em></span> <span class='ocrx_word' id='word_1_522' title='bbox 1692 2987 1879 3026; x_wconf 81' lang='lat' dir='ltr'><em>congiario</em></span> 
     </span>
     <span class='ocr_line' id='line_1_47' title="bbox 182 3044 1416 3087; baseline 0.003 -13"><span class='ocrx_word' id='word_1_523' title='bbox 182 3044 279 3085; x_wconf 82' lang='lat' dir='ltr'><em>quod</em></span> <span class='ocrx_word' id='word_1_524' title='bbox 301 3045 451 3077; x_wconf 79' lang='lat' dir='ltr'><em>divisum</em></span> <span class='ocrx_word' id='word_1_525' title='bbox 475 3047 525 3078; x_wconf 83' lang='lat' dir='ltr'><em>iri</em></span> <span class='ocrx_word' id='word_1_526' title='bbox 547 3047 714 3087; x_wconf 79' lang='lat' dir='ltr'><em>sperabat</em></span> <span class='ocrx_word' id='word_1_527' title='bbox 737 3047 794 3079; x_wconf 86' lang='lat' dir='ltr'><em>die</em></span> <span class='ocrx_word' id='word_1_528' title='bbox 817 3044 911 3085; x_wconf 77' lang='lat' dir='ltr'><em>festo</em></span> <span class='ocrx_word' id='word_1_529' title='bbox 935 3045 1179 3079; x_wconf 86' lang='lat' dir='ltr'><em>decennalium</em></span> <span class='ocrx_word' id='word_1_530' title='bbox 1202 3045 1416 3079; x_wconf 75' lang='lat' dir='ltr'><em>Alexandri.</em></span> 
     </span>
    </p>
   </div>
  </div>
 </body>
</html>
