1968 3268
160 111 242 149 154
409 111 413 114 ’
913 116 1032 163 Caput
1053 118 1101 153 H.

269 227 356 276 ⁶⁷8
400 225 505 294 [im
543 229 645 295 ‘J‘fff-f·
683 228 1382 300 Yz11.¹÷³¹2i13¹[{33'5²'².23'51]¹.19¹[Pf‘ffz‘ff]
1412 249 1452 289 Ρ·
1481 237 1508 277 s·
1543 236 1551 290 1
1583 237 1730 280 invicw
1757 241 1857 295 Aue·

155 324 195 364 p.
221 310 228 365 Ι
254 323 320 362 m.,
350 310 441 351 trib.
463 324 503 364 p.
534 311 620 359 111¹,
652 322 755 359 con„
782 310 789 363 Ι
814 323 853 362 p.
878 323 931 363 p.,
962 324 1111 363 proco„
1141 325 1173 352 r.
1199 326 1238 365 p.
1265 312 1271 366 Ι
1298 313 1545 356 Parentinor.
1572 315 1578 371 Ι
1605 317 1643 357 d.
1666 331 1707 358 n.
1736 320 1825 360 mai.
1850 319 1858 376 Ι

184 410 193 420 .
224 392 344 420 aelus-

155 392 181 432 q
266 447 428 480 Parentii
442 446 482 478 in
498 445 634 477 Histria
649 454 722 487 rep.
740 455 774 478 a.
789 444 888 488 4845,
903 455 989 479 moa:
1001 447 1115 488 periit
1127 445 1186 490 (V
1189 447 1260 481 550
1274 448 1381 481 semel
1393 448 1600 495 descripta).
1613 470 1658 477 -—
1673 453 1706 495 1)
1722 453 1766 487 Α,
1777 454 1857 490 509,

268 535 352 581 679
395 537 447 582 d.
474 549 514 576 n.
553 537 648 589 imp.
678 536 834 576 Valerio
863 536 1082 577 Liciniano
1113 538 1264 579 Licinio
1293 539 1394 593 Aug.
1433 538 1566 598 [pont]
1604 555 1705 584 max.
1732 545 1739 597 Ι
1765 545 1858 586 Sar-

152 606 294 645 matico
323 617 424 644 max.
447 600 692 658 Germalnico
722 617 837 654 max„
867 602 1104 662 tribuni[c]ia
1133 605 1338 662 potesltate
1363 607 1434 658 X¹,
1464 621 1575 650 cons.
1595 609 1663 660 V',
1693 611 1788 666 imp.
1807 613 1856 663 X,

150 668 285 728 pat[ri]
315 672 486 725 patriae,
521 669 738 727 proflcons„
769 672 844 712 col.
875 671 1000 713 Bisica
1031 673 1189 714 Lucana
1219 675 1358 716 devota
1387 676 1619 718 numinibus
1643 676 1652 733 Ι
1675 680 1855 722 maiesta-

149 740 258 792 tique
289 740 385 781 eius.
442 762 444 764 ·

262 807 306 840 In
320 806 450 847 Africa
475 807 551 840 Ioco
575 807 670 840 dicto
690 806 827 850 Testur,
851 807 1007 841 oriunda
1023 809 1100 841 sine
1124 808 1231 842 dubio
1256 820 1303 842 ex
1325 810 1514 844 ruderibus
1536 811 1698 847 coloniae
1713 814 1856 850 Bisicae

148 863 317 897 Lucanae
342 863 450 907 (VIII
461 863 549 899 4557
579 863 720 897 saeculo
747 866 932 907 superiore
961 864 1068 897 semel
1089 866 1162 898 nisi
1183 863 1314 909 fallor,
1346 877 1411 900 nec
1433 866 1587 907 fortasse
1607 871 1685 903 sine
1706 871 1853 914 mendis,

148 921 353 964 descripta).
378 940 424 945 -
449 921 482 962 1)
499 921 542 954 A.
556 920 633 955 546.
648 939 695 945 -
717 921 751 964 2)
777 920 908 955 Consul
929 923 1093 964 quintum
1113 924 1286 965 processit
1309 922 1471 957 Licinius
1493 935 1589 961 anno
1614 926 1752 961 domum
1774 928 1853 963 548.

261 1009 348 1056 681)
390 1012 427 1052 d.
460 1025 499 1052 n.
534 1012 684 1052 Valerio
714 1012 931 1067 Liciniffano
961 1012 1114 1053 Licinio
1148 1014 1252 1063 iun.‚
1285 1013 1292 1068 Ι
1318 1015 1564 1057 nobilissimo
1594 1017 1716 1067 Caes„
1741 1017 1749 1071 Ι
1776 1019 1851 1059 col.

147 1080 264 1121 Vallis
293 1078 459 1134 numilni
489 1080 574 1121 eius
602 1081 751 1120 devota.

261 1147 303 1180 In
319 1145 449 1187 Africa
474 1147 550 1180 loco
575 1147 671 1180 dicto
687 1147 844 1180 Hencln'r
866 1147 900 1180 el
912 1146 1084 1191 Arsanin,
1109 1148 1201 1191 lapis
1223 1148 1403 1182 miliar-ius
1428 1151 1507 1183 viae
1527 1150 1745 1195 Carthagine
1764 1152 1849 1186 Tne-

144 1207 236 1237 veste
260 1204 420 1237 ducentis
445 1203 554 1247 (ΕρΙι.
577 1214 630 1247 ep.
653 1205 687 1246 5,
703 1203 817 1247 4095).

264 1260 399 1294 Titulos
416 1261 556 1294 Licinio
580 1260 728 1303 filioque
751 1263 826 1293 eius
849 1271 1050 1294 communes
1073 1270 1153 1294 cum
1170 1260 1401 1295 Constantino
1424 1263 1506 1295 vide
1524 1262 1626 1303 infra
1641 1263 1687 1299 Ν.
1702 1265 1767 1299 742
1779 1276 1848 1309 seq.

258 1407 341 1454 681
387 1408 645 1449 Constantine
676 1408 797 1458 Caes„
826 1408 949 1448 vivasl
977 1406 983 1462 Ι
1010 1408 1192 1449 Herculi¹
1224 1408 1345 1458 Caes„
1376 1406 1561 1466 v[i]ncasi

261 1475 428 1509 Taurinis
450 1477 489 1508 in
512 1485 631 1508 museo
655 1475 767 1516 fibula
791 1485 902 1509 aurea
928 1474 983 1518 (C.
1007 1474 1035 1508 J.
1059 1474 1100 1508 L.
1123 1475 1238 1518 suppl.
1262 1475 1343 1509 Ital.
1367 1475 1387 1508 1
1407 1476 1502 1520 4086,
1517 1477 1537 1510 4
1561 1476 1654 1510 vidit
1674 1476 1785 1520 Pais).
1803 1495 1847 1502 —

146 1534 178 1576 1)
200 1532 396 1566 Herculius·
414 1532 544 1566 Caesar
565 1531 708 1564 videtur
730 1543 802 1564 esse
824 1533 899 1575 ipse
925 1531 1178 1565 Constantinus
1203 1530 1319 1576 (Mo).

254 1622 339 1670 682
382 1625 476 1676 imp.
509 1624 616 1665 Caes.
645 1624 650 1675 Ι
677 1623 781 1663 Flav.
812 1623 893 1663 Val.
921 1622 928 1676 Ι
955 1623 1216 1664 Constantino
1243 1622 1250 1677 Ι
1275 1624 1342 1677 pio
1371 1620 1463 1680 {Ich}
1494 1623 1588 1664 nob.
1615 1624 1622 1678 Ι
1649 1623 1844 1678 Caesari!

140 1693 214 1733 divi
242 1692 248 1745 Ι
276 1692 480 1733 Constanti
508 1691 514 1747 Ι
540 1692 597 1732 Pii
626 1692 725 1744 Aug.
754 1692 759 1743 Ι
786 1692 878 1732 filio.

254 1760 296 1792 In
319 1760 454 1802 Anglia
483 1770 557 1802 rep.
585 1769 700 1802 prope
726 1758 867 1792 Clzester
892 1757 1112 1801 (Haverfield
1137 1757 1427 1800 archaeological
1441 1757 1598 1801 Journal
1617 1757 1760 1801 48907.
1779 1758 1846 1792 266

139 1814 187 1855 cf:
212 1815 303 1858 Eplz.
329 1826 383 1858 ep.
406 1815 438 1859 7,
454 1815 568 1859 4442).
621 1814 760 1848 Titulus
784 1814 925 1847 videtur
947 1816 1103 1858 scriptus
1127 1825 1166 1847 eo
1191 1818 1345 1857 tempore
1369 1823 1437 1856 quo
1463 1813 1715 1848 Constantinus
1737 1815 1845 1857 impe-

138 1874 244 1904 rator
267 1873 310 1905 ab
331 1873 493 1905 eoeercitu
516 1871 734 1905 acclamatus
759 1870 808 1914 (a.
825 1872 907 1916 506)
933 1872 975 1904 ab
992 1872 1151 1914 Augusti
1172 1870 1342 1904 vocabulo
1367 1871 1551 1904 abstinuit.
1599 1870 1740 1904 Similes
1761 1873 1846 1904 eunt

140 1928 323 1960 columnae
347 1929 529 1962 miliariae
549 1929 759 1971 provinciae
782 1927 1026 1961 Narbonensis
1049 1927 1122 1961 XII
1132 1928 1232 1961 5556.
1247 1929 1347 1961 5584.
1363 1927 1462 1961 5675.

252 2016 336 2062 683
382 2048 588 2059 .......
617 2018 623 2072 Ι
651 2049 660 2059 .
684 2050 694 2059 .
782 2021 806 2058 .¹
835 2019 840 2074 Ι
866 2032 904 2072 p.
939 2020 966 2059 s.
997 2019 1111 2059 invic.
1133 2019 1309 2071 Augusto
1336 2016 1342 2071 Ι
1370 2024 1409 2058 et
1429 2017 1486 2058 Fl.
1507 2017 1588 2058 Val.
1614 2015 1622 2071 Ι
1649 2017 1842 2058 Constan-

137 2086 223 2126 tino
250 2086 255 2141 Ι
282 2099 321 2139 p.
354 2087 379 2126 f.
410 2087 527 2127 invic.
557 2088 670 2139 Aug.,
699 2086 704 2141 Ι
730 2087 809 2127 filio
839 2086 994 2140 Augg.²,
1026 2116 1035 2126 .
1059 2116 1100 2126 ..
1130 2085 1135 2140 Ι
1161 2087 1236 2138 leg.
1267 2099 1292 2138 q
1314 2116 1324 2125 .
1347 2086 1374 2125 ,³

256 2152 412 2186 Troesmi
435 2164 508 2196 rep.
535 2153 609 2197 (III
619 2154 702 2188 6474
727 2155 990 2198 descripserunt
1008 2153 1219 2196 Desjardins
1243 2156 1277 2185 et
1291 2152 1478 2197 Boissier).
1494 2171 1539 2176 —
1563 2152 1596 2195 1)
1619 2151 1841 2194 Principium

132 2209 237 2242 vtituli
266 2211 398 2253 periit;
437 2211 598 2243 ...ΙΝΙΟ
629 2213 713 2244 ante
746 2213 778 2247 Ρ.
806 2213 839 2245 Ρ.
872 2211 959 2253 legit
987 2209 1164 2251 Boissier5
1298 2210 1435 2243 ΙΙΙΑΝΟ
1465 2211 1501 2241 et
1529 2219 1576 2241 ex
1605 2217 1710 2240 versu
1739 2217 1841 2250 supc-

135 2267 233 2299 riore
250 2291 258 2299 .
274 2291 282 2299 .
299 2292 307 2300 .
321 2291 330 2300 .
346 2268 486 2300 ΙΤΑΝΟ
499 2267 597 2310 Desj.
614 2286 659 2292 —
675 2269 709 2310 2)
725 2267 995 2301 Constantinum
1009 2277 1084 2299 una
1102 2277 1180 2299 eum
1197 2266 1381 2299 Maaeeutio
1399 2264 1472 2309 (vel
1483 2265 1607 2308 potius
1621 2262 1838 2307 Maximino)

135 2334 156 2355 a
183 2322 327 2356 Galerio
352 2323 567 2366 appellatum
599 2335 671 2357 esse
692 2324 940 2366 Augustomm
967 2322 1082 2362 filium
1105 2325 1236 2356 narrat
1258 2325 1386 2355 auctor
1409 2321 1452 2354 de
1473 2323 1578 2354 mort.
1599 2329 1693 2363 pers.
1717 2329 1747 2351 c.
1768 2319 1840 2360 32,-

133 2382 271 2411 nummi
301 2389 439 2422 quoque
470 2383 596 2414 extant
624 2384 696 2414 tam
723 2380 946 2414 Constantini
969 2378 1122 2423 (Eclclzel
1142 2381 1174 2419 8,
1198 2379 1259 2423 72)
1285 2388 1391 2422 quam
1414 2377 1608 2411 Maximini
1631 2375 1694 2418 (ib.
1717 2375 1751 2417 8,
1772 2375 1836 2418 32)

134 2436 187 2467 ita
212 2431 389 2478 inscripti.
428 2437 589 2479 Apparet
613 2437 755 2470 titulum
779 2437 874 2469 hunc
890 2437 1048 2479 positum
1071 2446 1142 2468 esse
1157 2437 1196 2468 in
1213 2435 1352 2468 dicione
1370 2433 1507 2467 Galerii
1520 2433 1592 2475 ipsi
1609 2431 1752 2465 Galerio
1768 2430 1839 2464 col-

134 2490 290 2533 legisque
313 2493 390 2524 eius
412 2492 469 2524 vel
492 2494 653 2525 omnibus
674 2493 730 2526 vel
751 2495 818 2526 uni
840 2492 1005 2534 alterive,
1029 2495 1064 2524 et
1088 2492 1318 2526 Constantino
1343 2490 1466 2524 datum
1490 2489 1605 2523 locum
1629 2490 1836 2521 emto-omum.

133 2565 178 2571 -
203 2548 237 2587 3)
260 2547 326 2590 leg.
353 2558 375 2590 q
392 2571 400 2580 .
418 2573 427 2581 .
445 2572 454 2581 .
471 2574 480 2583 .
507 2548 593 2590 legit
618 2549 714 2582 solus
739 2549 855 2592 Desj.,·
887 2549 1059 2591 legionem
1089 2548 1279 2582 secundam
1302 2547 1506 2580 Her-cutiam
1529 2547 1649 2578 castra
1673 2545 1835 2577 habuisse

137 2602 293 2636 Troesmi
316 2602 461 2635 aliunde
484 2605 624 2637 scimus.

245 2691 332 2737 684
377 2693 470 2746 imp.
495 2693 601 2733 Caes.
626 2692 631 2747 Ι
654 2694 710 2733 Fl.
733 2695 812 2734 Val.
841 2695 847 2749 Ι
875 2693 1144 2749 Constanltino
1175 2707 1214 2747 p.
1246 2694 1272 2733 f.
1299 2692 1306 2747 Ι
1332 2694 1445 2745 Aug.,
1471 2695 1477 2742 Ι
1504 2691 1554 2731 M.
1576 2692 1670 2754 4¹3¹)
1697 2692 1703 2741 Ι
1730 2687 1832 2745 [Val.
1892 2701 1895 2702 ⁷
1922 2699 1928 2707 ''

132 2768 417 2836 MaJIJP‘JniJani¹
444 2770 450 2825 Ι
476 2772 574 2826 Aug.
602 2773 608 2824 Ι
635 2775 783 2825 nepoti,
811 2775 817 2824 Ι
844 2774 919 2813 divi
950 2772 1164 2829 Consltanti
1194 2773 1292 2825 Aug.
1318 2769 1326 2825 Ι
1352 2771 1410 2810 Pii
1436 2771 1441 2824 Ι
1469 2770 1560 2809 filio.
1601 2768 1607 2823 Ι
1633 2768 1788 2809 XXIIII.

247 2851 392 2885 Cabasse
422 2852 461 2883 in
487 2852 678 2893 provincia
711 2849 938 2882 Narbonensi
969 2851 1080 2893 (inter
1110 2852 1248 2885 For-um
1279 2848 1411 2882 Iulium
1442 2850 1477 2879 et
1504 2847 1628 2890 Aquas
1659 2845 1831 2889 Sea-tias),

131 2906 295 2940 columna
319 2907 480 2939 miliaria
505 2906 593 2949 (XII
604 2906 688 2940 5470
712 2905 804 2938 vidit
824 2905 1031 2946 Hirschfeld
1037 2919 1050 2948 ,·
1072 2907 1204 2939 similes
1225 2907 1310 2939 sunt
1330 2903 1522 2944 fueruntne
1536 2902 1718 2936 Χ115465.
1731 2902 1830 2935 5490.

129 2963 229 2996 5508.
252 2964 354 2996 5542.
377 2963 478 2997 5545.
502 2964 600 2996 5540.
623 2962 743 3006 5555).
765 2981 811 2986 -
837 2963 869 3003 1)
892 2962 1109 2995 Maximiani
1139 2963 1285 2995 nomina
1317 2971 1419 2993 erasa
1442 2962 1542 3002 sunt,
1573 2958 1636 2991 sed
1658 2968 1704 2990 ex
1723 2959 1831 3001 parto

129 3018 245 3052 adliuc
275 3019 455 3061 leguntur.
487 3037 532 3043 —
563 3018 719 3052 Titulum
749 3019 898 3051 incisum
930 3029 1001 3051 esse
1032 3019 1242 3051 crediderim
1273 3019 1354 3060 post
1376 3017 1520 3058 nuptias
1546 3015 1772 3048 Constantini
1795 3016 1830 3046 ct
