1968 3268
117 119 197 158 160
388 115 390 118 ’
883 119 1001 165 eaput
1022 119 1070 154 II.

227 234 336 276 Fani,
360 237 399 267 in
423 236 543 269 eodem
566 244 656 268 arcu
679 236 719 267 in
743 245 812 277 quo
828 232 874 268 N.
891 234 953 267 404
971 233 1091 277 (Grut.
1107 233 1182 276 465,
1198 234 1222 267 2
1230 246 1243 275 ;
1268 233 1442 276 Borghesi
1464 243 1544 276 opp.
1559 233 1632 277 511.
1649 234 1821 279 mosem).

116 309 160 315 —
179 291 212 334 1)
236 291 333 324 Idem
352 291 392 326 L.
414 292 564 325 Tureius
580 290 762 326 Secundus
784 291 949 324 Asterius
971 293 1155 324 corrector
1173 290 1379 323 Flaminiae
1401 292 1437 322 et
1458 290 1582 323 Piceni
1603 293 1822 325 mmm-atur

114 346 218 387 infra
240 347 287 382 N.
301 348 379 383 729.
431 347 587 382 Titulum
617 349 649 380 ei
667 348 825 390 positum
858 348 901 379 ab
926 346 1164 380 Amiterninis
1186 346 1348 380 dabimus
1371 344 1472 386 infra
1494 347 1592 380 inter
1613 348 1822 381 senatorios.

115 404 225 437 Pater
247 406 324 437 eius
339 405 572 448 Apronianus
593 401 798 447 praefectus
819 404 904 436 urbi
926 401 1002 443 fuit
1021 414 1055 438 a.
1070 404 1141 438 559
1159 403 1367 446 (chronogr.
1383 413 1416 437 a.
1431 403 1530 447 354),
1552 403 1648 436 unde
1672 406 1825 447 apparet

116 461 208 493 hanc
233 464 325 493 certe
346 463 486 504 partem
510 460 608 493 tituli
630 470 703 493 non
728 471 799 493 esse
822 461 977 493 incisum
1000 463 1085 493 ante
1107 471 1141 494 a.
1157 461 1238 495 559.
1278 460 1438 493 Priorem
1457 462 1600 503 partem
1615 460 1716 493 tituli
1729 459 1820 494 Bor·

111 517 259 559 ghesius
288 516 310 552 l.
329 527 357 551 c.
382 518 534 550 coniecit
555 518 708 550 incisum
732 527 804 550 esse
825 527 899 550 non
922 517 1074 550 multum
1094 520 1176 561 post
1196 519 1346 551 mortem
1370 515 1596 550 Constantini
1615 516 1666 560 (d.
1682 517 1731 551 22
1747 516 1825 550 Mai

114 572 213 616 557),
238 576 428 615 antequam
450 572 521 613 filii
546 572 772 606 Constantini
794 574 954 616 Augusti
977 574 1262 617 appellarentur,
1290 574 1331 606 id
1353 576 1405 606 est
1428 576 1510 607 ante
1533 573 1566 608 d.
1590 575 1612 607 9
1636 572 1730 616 Sept.
1754 572 1824 608 557

117 628 255 673 (Idat.).

230 730 316 776 707
361 733 447 773 divo
486 746 531 773 ac
571 734 783 774 venerabili
817 734 824 787 Ι
860 734 1031 787 principi
1067 734 1348 783 Constantino,
1385 733 1520 788 lpatri
1556 733 1784 786 principum
1815 729 1821 787 Ι

116 801 389 849 maximorum,
408 799 413 856 Ι
433 801 488 841 Fl.
512 798 772 858 Creper[e]ius
792 802 1051 843 Madalianus¹
1073 816 1107 842 v.
1130 815 1178 852 c.,
1205 802 1210 855 Ι
1237 803 1360 855 praef.
1386 815 1478 842 ann.
1502 814 1592 842 cum
1616 802 1703 842 iure
1722 801 1822 854 glad.

231 866 362 900 Romae
384 879 458 911 rep.
484 869 532 902 ad
554 868 708 902 Tiberim
731 872 814 902 ante
839 870 1019 902 ecclesia-m
1044 869 1080 904 S.
1099 869 1236 902 Mariae
1259 871 1298 902 in
1323 868 1519 912 cosmedin,
1542 878 1638 901 nunc
1660 869 1700 900 in
1723 866 1824 911 Capi—

117 924 203 956 tolio
230 923 301 967 (VI
316 925 427 969 4454).
449 943 486 949 -
500 927 540 966 ,1)
563 925 623 959 Ad
638 926 786 959 eundem
802 925 1049 959 Madalianum
1067 936 1145 958 cum
1169 929 1293 968 ageret
1319 927 1412 958 vices
1430 923 1699 968 praefectorum
1720 935 1826 968 prae-

117 981 234 1023 torio,
265 981 350 1014 data
381 985 432 1015 est
461 993 493 1015 a.
517 983 582 1016 544
616 982 675 1015 lea:
706 982 780 1016 cod.
811 981 937 1015 Theod.
962 982 1013 1025 46,
1038 983 1089 1022 40,
1114 984 1157 1023 2,·
1189 982 1342 1015 eiusdem
1375 985 1426 1015 est
1457 982 1584 1015 titulus
1609 981 1823 1016 Calamemis

116 1035 219 1075 infra
244 1037 368 1071 editus.

233 1148 320 1196 708
363 1154 547 1193 dominae
568 1159 726 1194 nostrae
746 1153 898 1194 Flaviae
919 1155 1118 1205 Augustae
1135 1153 1140 1206 Ι
1161 1153 1345 1201 Helenae,
1367 1153 1443 1193 divi
1465 1152 1669 1193 Constanti
1690 1153 1824 1194 castis-

119 1288 296 1338 Augusti,
327 1293 332 1341 Ι
359 1289 464 1329 aviae
485 1289 737 1330 dominorum
760 1295 986 1329 nostrorum
1004 1289 1129 1342 Crispi
1154 1288 1160 1343 Ι
1188 1290 1246 1329 et¹
1270 1288 1519 1330 Constantini
1539 1295 1579 1329 et
1597 1287 1826 1328 Constanti²

119 1365 444 1422 beatissilmorum
466 1381 511 1409 ac
531 1370 702 1410 felicium
726 1368 947 1418 Caesarum,
975 1367 980 1422 Ι
1008 1368 1187 1421 Alpinius
1207 1369 1373 1421 Magnus
1394 1381 1427 1408 v,
1449 1381 1484 1408 c.
1505 1379 1608 1408 corr.
1628 1366 1826 1408 Lucaniae

119 1441 159 1474 et
185 1433 191 1488 Ι
219 1435 447 1476 Brittiorum
478 1437 624 1485 statuit,
655 1437 816 1478 devotus
847 1433 1109 1490 excellenltiae
1139 1436 1354 1489 pietatique
1383 1436 1480 1476 eius.

235 1501 381 1535 Salerni
398 1503 448 1546 (X
459 1504 551 1548 547).
574 1522 617 1529 --
644 1506 673 1546 1)
691 1503 874 1537 Vocabula
895 1505 1039 1546 punctis
1061 1505 1206 1545 signata
1231 1513 1344 1543 erasa,
1367 1502 1430 1535 sed
1452 1503 1631 1544 leguntur.
1671 1502 1827 1536 Eranam

121 1560 239 1591 autem
264 1561 316 1591 est
338 1570 467 1593 nomen
490 1560 607 1603 Crispi
630 1563 665 1593 et
687 1561 744 1593 lzic
769 1563 804 1593 et
827 1558 928 1599 infra
954 1559 997 1593 N.
1014 1559 1077 1593 740
1097 1562 1179 1603 post
1203 1559 1344 1593 caedem
1367 1560 1454 1599 eius,
1479 1569 1512 1592 a.
1527 1559 1609 1594 326.
1626 1578 1668 1583 -
1686 1559 1720 1600 2)
1738 1558 1825 1593 Con·

119 1616 273 1648 stantius
301 1615 430 1650 Caesar
453 1616 575 1656 faetus
598 1621 649 1649 est
672 1617 704 1650 d.
727 1618 750 1650 8
774 1615 863 1650 Νυυ.
888 1617 962 1651 525
986 1617 1106 1660 (Mat,
1132 1615 1179 1655 cf.
1204 1616 1315 1649 Amm.
1341 1615 1452 1648 Marc.
1477 1615 1529 1657 44,
1542 1617 1578 1658 5,
1591 1615 1640 1659 4).
1688 1616 1827 1649 Potitus

120 1672 238 1713 igitur
262 1673 389 1706 titulus
411 1676 507 1707 inter
530 1685 564 1707 α.
587 1673 756 1714 5251526.

234 1786 319 1832 709
364 1789 547 1829 dominae
578 1795 737 1828 nostrae
767 1785 959 1844 Fl.1u[l]
988 1789 993 1841 Ι
1021 1789 1192 1829 Helenae
1221 1788 1416 1842 piissimae
1448 1790 1560 1840 Aug,
1592 1784 1597 1842 Ι
1635 1787 1826 1839 genetrici

123 1855 160 1895 d.
192 1869 231 1895 n.
264 1853 522 1910 Constanltini
552 1857 708 1895 maximi
738 1857 898 1896 victoris
924 1856 931 1909 Ι
957 1856 1247 1896 clementissimi
1285 1867 1441 1908 semper
1466 1853 1472 1908 Ι
1500 1855 1686 1908 Augusti,
1723 1855 1828 1895 aviae

123 1921 385 1978 Constanltini
415 1931 454 1964 et
484 1922 698 1978 Constanlti
729 1922 1056 1978 heatislsimorum
1086 1936 1131 1963 ac
1161 1921 1540 1977 florentislsimorum
1565 1922 1786 1972 Caesarum,
1820 1920 1827 1978 Ι

122 1991 245 2032 Iulius
275 1991 558 2031 Maximilianus
589 2005 622 2030 v.
655 2004 704 2040 (3.,
735 2004 866 2031 comes
892 1990 898 2044 Ι
925 1992 1058 2044 pietati
1089 1992 1173 2032 eius
1202 2003 1358 2043 semper
1387 1991 1691 2042 dicatis(simus).

237 2056 367 2090 Romae
390 2059 429 2090 in
454 2058 599 2091 ecclesia
618 2057 653 2091 S.
673 2057 796 2091 Crucis
818 2059 859 2090 in
876 2057 1107 2100 Hierusalem,
1131 2058 1227 2090 dicta
1244 2060 1351 2090 etiam
1368 2057 1516 2090 basilica
1532 2056 1754 2101 Sessar-iana,
1777 2057 1829 2090 ibi

121 2123 234 2157 prope
256 2124 331 2156 rep.
350 2113 422 2156 (VI
434 2114 548 2158 4454).
566 2133 609 2138 —-
630 2112 769 2147 Titulus
788 2117 927 2158 positus
946 2117 1028 2157 post
1045 2113 1185 2146 caedem
1203 2113 1320 2156 Crispi
1341 2113 1391 2156 (a.
1408 2114 1507 2158 526),
1531 2116 1721 2156 antequam
1739 2112 1828 2147 Gon-

122 2174 224 2204 stans
242 2171 371 2204 Caesar
387 2169 508 2210 factus
525 2174 575 2203 est
592 2170 641 2213 (α.
657 2171 759 2214 555).
779 2190 819 2195 ———
838 2171 971 2203 Eodem
988 2169 1065 2210 fere
1082 2170 1158 2203 loco
1173 2170 1387 2213 prodierunt
1403 2171 1502 2204 tituli
1518 2170 1702 2204 cuiusdam
1717 2170 1829 2213 positi

124 2229 169 2260 ab
194 2229 273 2270 ipsa
299 2228 440 2268 Helena,
465 2230 657 2271 spectantis
682 2227 730 2260 ad
753 2228 906 2260 thermas
929 2228 1047 2260 nescio
1073 2237 1171 2269 quas,
1194 2226 1402 2270 fragmenta
1427 2226 1496 2270 (VI
1516 2225 1631 2271 4456),
1657 2227 1733 2259 loco
1755 2235 1830 2259 non

123 2285 176 2316 ita
194 2284 299 2326 longe
316 2284 482 2326 distante,
497 2294 609 2327 prope
626 2284 809 2317 basilicam
823 2284 1108 2324 Lateranensem,
1124 2283 1262 2326 prodiit
1277 2284 1369 2317 alter
1385 2282 1512 2316 titulus
1529 2283 1678 2315 Helenae
1687 2283 1830 2325 positus

125 2339 145 2383 (
144 2340 178 2373 V
177 2340 196 2373 1
209 2341 334 2385 4455),
329 2354 337 2361 ·
360 2342 454 2375 unde
470 2341 593 2384 colligi
607 2343 722 2384 potest
736 2339 847 2380 fuisse
869 2342 964 2374 hunc
981 2340 1095 2373 locum
1111 2341 1205 2373 iuris
1220 2340 1382 2373 Helenae.
1423 2339 1466 2372 Id
1482 2339 1578 2381 quod
1597 2348 1670 2371 non
1692 2337 1830 2371 nullius

123 2400 294 2430 momenti
317 2401 369 2430 est
391 2399 440 2432 ad
462 2398 718 2431 aestimandam
741 2396 846 2437 fidem
870 2398 1092 2430 narrationis
1117 2396 1158 2429 de
1182 2397 1328 2429 ecclesia
1353 2396 1389 2429 S.
1410 2396 1532 2430 Crucis
1555 2406 1601 2427 ex
1629 2394 1722 2427 dono
1741 2394 1829 2428 Con-

124 2456 274 2487 stamini
298 2456 337 2487 in
359 2455 497 2497 palatio
528 2454 736 2487 Sessoriano
761 2453 952 2494 aedificata
978 2452 1054 2496 (lib.
1077 2452 1220 2496 pontifi,
1244 2454 1306 2488 vit.
1327 2452 1484 2486 Silvestr.
1500 2452 1559 2493 22,
1574 2451 1613 2484 44
1640 2461 1719 2484 cum
1743 2453 1829 2484 nota

125 2511 350 2554 Duclzesnii).

211 2625 325 2714 ,710
367 2626 562 2679 piissimae
597 2637 642 2664 ac
671 2623 891 2712 veneravilli
923 2624 958 2663 d.
991 2637 1030 2663 ιι.
1062 2624 1248 2664 Faustae¹
1270 2624 1381 2674 Aug„
1410 2621 1577 2670 luxori²
1607 2621 1644 2661 d.
1677 2635 1717 2661 n.
1747 2633 1830 2661 ma·
1878 2658 1881 2661 .

127 2786 290 2826 stantini
317 2784 322 2837 Ι
350 2784 554 2825 Constanti
585 2780 933 2837 baealtissimmum
966 2780 1201 2838 [Caesarum
1228 2779 1376 2837 lre]sp.
1408 2777 1706 2835 S[urrentin]or.

244 2852 413 2885 Surrenti
438 2851 488 2894 (X
507 2852 571 2884 678
596 2848 642 2889 cl'
661 2860 699 2892 11.
723 2849 836 2892 4006).
859 2867 901 2873 -
932 2851 961 2890 1)
987 2848 1131 2882 Faustae
1155 2852 1190 2881 et
1213 2849 1308 2882 uxori
1332 2847 1504 2880 vocabula
1538 2857 1660 2886 erasa,
1691 2845 1755 2878 sed
1783 2846 1830 2878 le—

124 2911 276 2952 guntur.
311 2927 349 2932 -—
378 2909 410 2951 2)
434 2907 617 2941 Nouercae
639 2905 865 2944 vocabulum,
900 2905 996 2947 quod
1018 2907 1056 2937 in
1081 2906 1199 2948 lapide
1222 2903 1334 2944 fuisse
1357 2904 1557 2935 coniecerat
1578 2902 1665 2942 Mo.,
1694 2904 1830 2944 postea,

129 2967 290 3008 quamvis
312 2975 463 3005 erasum,
483 2974 598 3006 paene
622 2965 736 2995 totum
760 2964 987 3003 agnoverunt
1008 2962 1050 2994 F.
1076 2962 1116 2994 de
1135 2962 1242 2994 Dulzn
1266 2963 1299 2992 et
1320 2961 1394 3002 ipse
1414 2957 1615 2992 Mommsen.
1664 2957 1830 2991 Constan-

129 3023 244 3055 tinum
269 3025 304 3054 et
330 3022 576 3055 Constantium
602 3019 835 3053 Constantino
854 3017 985 3059 Magno
1010 3020 1111 3050 natos
1135 3016 1246 3056 fuisse
1269 3028 1314 3049 ex
1335 3016 1409 3048 alia
1433 3025 1547 3047 uxore
1570 3017 1677 3057 atque
1692 3014 1829 3046 Fausta
