1968 3268
190 137 245 175 14
939 134 1058 180 Caput
1080 134 1110 168 Ι.

304 249 394 294 43·
433 251 479 297 Q.
501 249 644 290 Fabius
675 250 723 297 Q.
752 250 778 289 f.
801 250 1023 289 Maxsumus
1052 249 1136 288 aed.
1168 260 1251 287 cur.
1282 253 1376 301 rest.

307 318 351 350 In
375 315 458 357 foro
476 316 633 349 Romano
656 326 730 358 rep.
756 326 850 348 anno
875 316 1019 348 circiter
1043 315 1126 348 4546
1152 313 1212 354 (Ν.
1235 315 1305 348 43·
1334 313 1472 347 duobus
1493 314 1664 358 eoeemplis
1684 325 1722 347 se
1743 316 1897 348 invicem

191 374 454 418 supplentibus)
472 373 581 406 deser.
599 372 754 406 Smetius
771 372 892 410 (1606.
908 370 980 404 607.
998 370 1050 404 VI
1064 370 1165 404 4505.
1178 370 1293 411 4504).
1340 370 1592 413 Inscriptiones
1607 380 1714 404 arcus
1727 370 1897 415 Fabiani,

194 429 289 470 facti
304 441 327 463 a
345 429 384 470 Q.
398 429 512 462 Fabio
530 429 691 462 Maximo
702 428 931 469 Allobrogico
950 426 1092 459 consule
1107 437 1141 460 α.
1153 427 1223 460 655
1240 427 1342 466 (teste
1356 426 1662 460 Pseudo-Aeconia
1674 437 1711 471 p.
1723 426 1795 461 455
1808 426 1898 470 οη),

193 487 353 519 restituti
376 497 397 518 a
423 485 462 527 Q.
485 485 601 518 Fabio
626 485 784 517 Maximo
816 483 930 516 aedile
965 482 1088 515 curule
1121 483 1217 514 circa
1247 493 1281 515 a.
1305 483 1388 525 698,
1418 482 1468 516 ad
1495 491 1602 524 quam
1631 484 1898 516 restitutionem

191 545 353 585 spectare
379 541 614 574 Mommsenus
644 540 737 572 vidit
764 541 870 572 verba
902 539 1085 573 Ciceronis
1116 540 1156 571 in
1182 539 1264 572 Vat.
1288 538 1340 579 44,
1363 539 1432 572 28.·
1460 532 1571 572 ιπίΙιιἹ
1597 538 1781 573 Maximus
1809 538 1899 579 feeit

191 598 347 630 alienum
371 601 435 630 aut
456 607 522 629 sua
545 598 676 629 virtute
707 599 773 629 aut
794 596 867 629 illis
891 595 1100 628 clarissimis
1123 594 1262 638 Paulis,
1294 594 1487 638 Maximis,
1513 593 1721 638 Africanis,
1743 605 1897 638 quorum

188 654 346 696 gloriam
379 655 485 686 buius
511 654 645 686 virtute
668 655 875 685 renovatam
901 662 975 685 non
998 651 1102 684 modo
1125 661 1310 694 speramus
1332 661 1456 684 verum
1478 652 1588 684 etiam
1609 653 1684 684 iam
1706 644 1896 690 videmus&

191 729 236 735 ——
263 710 294 751 1)
318 709 463 742 Paullus
488 708 550 749 (cst
574 719 685 752 supra
709 708 755 743 N.
779 709 822 742 45
846 712 880 741 et
902 707 1004 747 infra
1028 706 1073 740 N.
1096 707 1169 750 57),
1194 707 1318 740 consul
1340 718 1372 741 a.
1394 707 1474 741 572.
1496 708 1579 750 586,
1607 717 1733 742 censor
1761 719 1796 743 a.
1817 709 1897 752 590,

191 767 387 808 imperator
411 768 465 798 ter
489 765 599 806 (unde
621 765 714 798 male
738 768 811 798 tres
835 765 1009 807 triumphi
1032 765 1066 796 ei
1090 764 1311 806 tribuuntur,
1337 774 1405 806 pro
1429 763 1578 804 duobus,
1602 774 1648 797 ea>
1664 764 1839 808 Hispania
1862 767 1899 797 et

191 822 233 854 de
262 832 346 864 rege
369 822 487 864 Perse)
515 824 622 864 pater
651 820 728 861 fuit
752 821 790 863 Q.
815 821 925 854 Fabii
947 819 1101 853 Maoeimi
1123 819 1320 852 Aemiliani
1351 820 1506 853 consulis
1533 821 1623 853 anni
1644 821 1709 854 609
1732 822 1767 853 et
1789 821 1896 854 latim

191 877 343 910 Maoeimi
375 880 437 921 qui
462 888 583 910 arcum
608 879 766 910 restituit
790 881 926 919 atavus,
949 876 1149 916 Africanus
1171 878 1301 918 minor,
1325 875 1450 909 consul
1471 886 1504 909 a.
1527 876 1591 910 607
1612 879 1647 909 et
1669 877 1747 918 620,
1771 886 1896 910 censor

190 944 224 967 a.
241 934 317 976 642,
340 933 415 973 fuit
431 937 465 966 et
480 936 553 977 ipse
569 935 686 968 Paulli
700 934 808 977 filius,
827 935 937 967 Fabii
954 934 1107 966 Maoeimi
1123 933 1319 966 Aemiliani
1333 930 1462 974 frater,
1486 932 1637 976 ideoque
1659 933 1896 966 adnumerari

187 992 308 1032 potuit
329 992 526 1023 maioribus
547 991 756 1024 Fabiorum.

233 1122 236 1125 -
304 1091 368 1134 44
410 1094 483 1145 Ap.
507 1094 690 1134 Claudius
722 1106 758 1145 q.
780 1093 881 1141 urb„
913 1105 980 1133 cos
1010 1105 1099 1133 cum
1130 1093 1172 1132 P.
1195 1091 1356 1133 Servilio
1387 1086 1548 1147 Pr[isco]
1567 1120 1576 1130 .
1596 1120 1606 1130 .

305 1158 445 1200 Romae,
471 1160 547 1192 loco
572 1162 778 1193 accuratius
801 1171 873 1193 non
897 1160 1068 1199 indicato,
1092 1159 1196 1192 semel
1218 1159 1394 1207 descripta
1416 1167 1507 1191 saec.
1522 1156 1594 1191 XV
1609 1147 1782 1198 (714279
1803 1155 1852 1196 cfi
1877 1156 1899 1190 I

188 1225 225 1256 p.
240 1215 343 1264 279),
359 1235 403 1239 —
427 1216 586 1249 Pertinet
610 1217 658 1249 ad
681 1217 857 1250 consulem
881 1228 914 1251 a.
931 1227 967 1250 u.
985 1227 1012 1250 c.
1029 1217 1109 1250 259.

306 1315 364 1360 45
415 1315 474 1373 [Ρ.
502 1318 685 1369 Claudius
709 1320 776 1373 Ap.
798 1319 830 1371 s.
854 1319 897 1359 P.
918 1332 956 1359 η.
981 1319 1140 1360 Pulcher
1164 1316 1171 1372 Ι
1198 1313 1368 1370 colono]s
1397 1314 1604 1367 adscripsit
1634 1314 1756 1364 Cales,
1786 1317 1894 1356 cos.²

194 1397 283 1425 eum
312 1383 317 1438 Ι
345 1383 401 1441 [L.
426 1385 573 1434 Porcio,
603 1384 747 1441 IIIvi]1·
777 1387 970 1427 coloniam
1002 1387 1163 1428 deduxit
1193 1383 1449 1425 Graviscam².

308 1450 368 1507 [C.
397 1453 578 1494 Claudius
593 1456 661 1507 Ap.
684 1456 716 1506 f.
743 1455 781 1495 C.
804 1468 843 1495 n.
866 1453 1042 1511 Pulcher]
1063 1452 1067 1509 Ι
1086 1467 1138 1506 q„
1158 1454 1273 1494 Illvir
1293 1465 1328 1492 a.
1345 1465 1378 1492 a.
1396 1464 1430 1492 a.
1450 1451 1477 1490 f.
1494 1451 1534 1499 f.‚
1556 1450 1640 1490 aed.
1661 1462 1760 1500 cur„
1779 1449 1897 1491 iudex

193 1533 229 1572 q.
246 1522 466 1569 veneficis³,
488 1535 546 1574 pr.
565 1520 568 1576 Ι
588 1523 831 1574 repetundis,
854 1530 1012 1563 curator
1032 1524 1087 1563 vis
1108 1521 1345 1568 sternendis,
1375 1519 1472 1560 cos.⁴
1499 1529 1590 1559 cum
1614 1517 1665 1558 M.
1682 1517 1895 1571 Perperna.

303 1586 451 1628 Romae,
483 1590 522 1620 in
547 1589 664 1631 lapide
686 1589 838 1621 saeculis
859 1591 1103 1632 superioribus
1125 1589 1285 1622 adhibito
1311 1597 1379 1630 pro
1406 1585 1528 1618 limine
1550 1583 1717 1617 ecclesiae
1740 1583 1776 1618 S.
1800 1583 1896 1619 Mar-

193 1643 261 1675 tini
283 1645 322 1676 in
345 1643 536 1687 Montibus,
568 1646 631 1678 ubi
654 1655 769 1688 nuper
787 1647 972 1687 particula
997 1646 1111 1679 denuo
1135 1645 1282 1688 prodiit,
1317 1643 1567 1685 inscriptiones
1590 1640 1683 1674 duae
1704 1641 1813 1674 iuxta
1834 1650 1899 1685 po-

190 1700 281 1732 sitae
305 1700 501 1742 (V14285,-
524 1701 617 1736 Bull.
643 1712 730 1736 com.
754 1702 841 1735 4880
860 1713 896 1745 p.
913 1702 1009 1745 548).
1033 1721 1078 1726 —
1111 1703 1144 1743 1)
1170 1701 1301 1735 Consul
1322 1710 1356 1733 a.
1370 1699 1445 1732 570.
1468 1716 1513 1722 -—
1539 1697 1573 1739 2)
1599 1694 1653 1735 Cf.
1677 1697 1823 1738 Linum,
1839 1697 1898 1741 29,

194 1760 295 1790 cuius
312 1757 382 1791 loci
399 1770 463 1802 ope
479 1760 565 1791 Ilaec
582 1760 770 1801 inscriptio
787 1759 836 1791 ad
853 1759 886 1792 C.
902 1759 1091 1792 Claudium
1106 1756 1240 1796 referri
1254 1757 1381 1799 potuit.
1398 1773 1442 1778 —
1460 1755 1494 1795 3)
1518 1752 1572 1784 De
1585 1752 1706 1786 iudice
1721 1755 1898 1796 mosao-

192 1816 248 1846 nis
273 1814 315 1846 de
338 1816 482 1847 sicariis
506 1817 541 1846 et
563 1816 728 1854 veneficis
753 1814 801 1854 cf.
824 1815 893 1848 Mo.
919 1815 1072 1848 Staatsr.
1098 1815 1143 1856 ΙΙ,
1164 1815 1243 1848 575.
1268 1835 1308 1839 -
1336 1813 1370 1853 4)
1394 1813 1437 1846 Α.
1454 1812 1531 1847 662.

305 1915 361 1960 46
420 1917 469 1956 M.
503 1917 675 1956 Valerius
705 1916 755 1955 M.
786 1917 812 1955 f.
845 1917 932 1956 M’.¹
966 1914 1037 1972 [n.]
1066 1916 1073 1970 Ι
1098 1918 1294 1965 Messalla,
1335 1915 1577 1975 pontife[:1;],
1612 1918 1695 1973 [tr.
1734 1918 1816 1959 mil.
1846 1919 1897 1969 11,

195 1997 246 2036 q.,
277 1996 337 2036 pr.
371 1984 477 2033 urb„
512 1981 647 2040 co[s.],
683 1983 689 2037 Ι
724 1985 813 2024 Vvir
842 1997 875 2024 a.
908 1985 943 2024 d.
974 1997 1007 2024 a.
1039 1985 1084 2034 i.‚
1114 1982 1324 2041 interr[e.‘15]
1358 1984 1366 2039 Ι
1399 1987 1473 2034 111,
1504 1999 1661 2028 censor.

284 2050 414 2083 Romae
437 2062 510 2092 rep.
534 2061 626 2093 pone
649 2053 831 2084 basilicam
858 2051 1093 2093 Constantini,
1118 2051 1208 2094 lapis
1231 2055 1349 2084 aetate
1373 2053 1508 2086 labente
1531 2055 1572 2086 in
1593 2053 1789 2087 mensulam
1811 2062 1897 2097 oon·-

194 2117 315 2139 versus
339 2107 389 2147 (V
392 2107 410 2139 I
429 2109 550 2148 5826).
583 2126 628 2130 --
663 2108 821 2149 Pertinet
843 2108 891 2140 acl
913 2108 960 2141 M.
986 2108 1170 2141 Valerium
1194 2108 1393 2142 Messallam
1424 2110 1602 2143 consulem
1625 2121 1659 2144 a.
1681 2110 1760 2153 695,
1794 2118 1898 2153 Μ

193 2166 236 2195 ut
252 2163 460 2205 pontisiam
483 2167 656 2196 memorat
679 2167 784 2197 etiam
804 2165 925 2198 Cicero
943 2165 984 2197 de
1001 2165 1144 2207 har-usp.
1161 2175 1252 2207 resp.
1269 2167 1301 2206 6,
1317 2165 1380 2207 42·
1404 2167 1618 2210 quinquevir
1640 2167 1744 2208 agris
1768 2164 1898 2199 dandis

194 2219 431 2262 adsignandis
453 2220 658 2253 iudicandis
681 2221 822 2254 videtur
845 2219 957 2259 fuisse
981 2232 1012 2254 a.
1029 2222 1093 2254 695
1118 2221 1193 2263 lege
1217 2222 1311 2254 Iulia
1342 2223 1434 2262 (Cic.
1458 2222 1503 2255 de
1518 2233 1624 2266 prov.
1649 2232 1744 2256 eom.
1766 2221 1820 2264 47,
1842 2221 1896 2263 44,

195 2275 243 2307 ad
263 2276 337 2308 Att.
360 2277 396 2318 2,
418 2278 450 2318 7,
471 2278 520 2318 4),
556 2277 719 2309 interreoe
743 2280 798 2309 ter
819 2278 895 2309 sine
919 2277 1026 2310 dubio
1050 2279 1266 2320 interregnis
1292 2280 1405 2311 tribus
1437 2289 1528 2321 quae
1554 2289 1624 2322 per
1645 2279 1711 2311 illa
1734 2280 1896 2320 tompore

194 2329 307 2369 fuisse
330 2334 459 2364 scimus
483 2344 516 2366 a.
531 2334 604 2366 699.
630 2334 703 2367 704.
726 2334 815 2376 702,
852 2344 975 2367 censor
997 2333 1071 2374 fuit
1094 2345 1126 2367 a.
1148 2333 1287 2378 699l7oo
1323 2333 1390 2375 (cf.
1424 2335 1478 2369 VI
1495 2334 1615 2377 4254).
1652 2352 1694 2358 -
1732 2335 1766 2375 1)
1789 2335 1898 2367 Prior

194 2390 332 2420 tantum
353 2399 439 2431 pars
463 2389 604 2422 litterae
620 2393 729 2431 eactat,
753 2390 815 2423 sed
834 2391 882 2423 M(
900 2388 1024 2434 fuisse,
1048 2401 1120 2423 non
1139 2392 1168 2423 Μ
1189 2393 1323 2424 certum
1345 2394 1397 2424 est
1412 2402 1458 2424 ex
1474 2390 1529 2427 VI
1538 2390 1639 2425 4234.
1654 2408 1701 2415 —-
1716 2389 1759 2423 In
1774 2389 1896 2424 eodem

196 2444 314 2487 lapide
336 2449 527 2487 supersunt
551 2447 690 2478 litterae
716 2473 722 2479 .
741 2470 749 2480 .
767 2472 776 2481 .
795 2473 803 2481 .
821 2472 829 2481 .
848 2473 857 2482 .
881 2445 926 2480 M.
951 2457 984 2480 n.
1006 2447 1011 2489 Ι
1032 2470 1041 2479 .
1059 2471 1068 2480 .
1085 2471 1094 2480 .
1111 2448 1199 2488 inus,
1232 2458 1277 2480 ea,-
1312 2447 1417 2480 titulo
1447 2450 1490 2480 ut
1516 2446 1659 2480 videtur
1689 2445 1761 2486 filii
1787 2447 1896 2479 haim

195 2499 375 2543 Messalae,
399 2501 445 2534 M.
464 2501 600 2534 Valerii
616 2502 800 2535 Messallae
819 2502 964 2536 Corvini
981 2503 1137 2536 consulis
1155 2514 1188 2536 a.
1199 2502 1281 2538 725.
1321 2503 1493 2546 Lapidem
1507 2512 1687 2546 superesse
1709 2513 1757 2535 σω
1770 2511 1896 2536 monu-

193 2558 320 2589 mentis
335 2557 562 2590 Valeriorum
582 2561 619 2591 in
633 2558 735 2591 Velia
751 2559 915 2602 (Dionys.
928 2561 962 2601 5,
974 2560 1027 2601 48,
1041 2559 1132 2592 Plut.
1146 2560 1240 2593 Pobl.
1255 2560 1314 2601 25,
1330 2571 1363 2603 q.
1376 2558 1474 2592 Rom.
1487 2557 1545 2601 79)
1567 2559 1721 2592 coniecit
1738 2558 1896 2593 Her-zon.

308 2658 364 2704 47
405 2661 444 2700 C.
464 2661 645 2700 Octavius
667 2661 706 2700 C.
728 2663 755 2700 f.
778 2661 817 2700 C.
840 2674 879 2700 n.
902 2661 943 2700 C.
965 2659 1113 2715 pr[on.]
1141 2662 1144 2716 Ι
1168 2643 1281 2714 pater
1299 2661 1464 2714 Augusti
1487 2658 1514 2714 Ι,
1543 2665 1593 2699 tr.
1616 2659 1696 2699 mil.
1717 2658 1804 2707 his„
1837 2671 1894 2711 q.,

195 2728 279 2768 aed.
309 2729 363 2781 pl.
394 2742 483 2768 curn
510 2727 517 2782 Ι
544 2729 583 2768 C.
607 2728 790 2776 Toranio,
817 2733 823 2775 Ι
850 2728 965 2767 iudex
996 2730 1291 2778 quaestionum,
1318 2728 1325 2781 Ι
1351 2741 1411 2781 pr.
1441 2740 1514 2780 pro
1544 2739 1647 2775 cos.,
1677 2726 1898 2779 imperator

195 2797 412 2848 appellatus
437 2794 444 2850 Ι
471 2809 518 2835 ex
547 2796 747 2848 provincia
778 2795 1016 2835 Macedonia.

308 2862 450 2904 Romae,
475 2862 595 2895 tabula
621 2872 743 2894 marm.
767 2862 942 2893 incertum
966 2863 1028 2894 ubi
1051 2864 1202 2904 reperta,
1227 2863 1367 2905 saepius
1390 2862 1566 2903 descripta
1587 2870 1679 2894 saec.
1695 2859 1791 2902 XVI,
1807 2860 1895 2903 post

1961 2863 1968 2915 ³2

194 2921 303 2961 periit
328 2919 397 2958 (VI
419 2919 502 2953 4544
536 2916 581 2957 cll
607 2918 625 2950 1
645 2928 680 2960 p.
698 2917 793 2959 278).
839 2917 873 2949 Α
895 2921 998 2960 parte
1022 2919 1177 2951 intuenti
1197 2919 1346 2952 sinistra
1375 2919 1589 2960 supererant
1610 2915 1752 2949 litterae
1774 2938 1892 2950 .....
1964 2919 1968 2928 “

198 2974 318 3007 Caesar
338 2974 344 3018 Ι
366 2998 557 3009 .........
572 2974 583 3006 i
604 2974 609 3016 Ι
633 2998 776 3007 .......
790 2973 832 3006 ic.
851 2984 882 3016 q.
897 2983 945 3016 pr.
968 2974 974 3015 Ι
995 2998 1139 3008 .......
1152 2985 1221 3008 cos.
1239 2975 1272 3007 in
1287 2974 1384 3015 Asia,
1399 2972 1553 3013 fortasse
1569 2983 1615 3005 ex
1630 2971 1738 3004 titulo
1756 2969 1792 3004 C.
1803 2969 1894 3003 Iulii

198 3030 359 3064 Caesaris
379 3032 499 3072 patris
524 3031 710 3063 dictatoris
730 3030 900 3063 Caesaris.
952 3029 984 3063 C.
1014 3030 1178 3063 Octavius
1196 3034 1303 3073 pater
1324 3029 1482 3072 Augusti
1501 3030 1648 3071 praetor
1669 3026 1744 3066 fuit
1764 3037 1799 3060 a.
1813 3026 1892 3069 695,

1957 2949 1968 2994 Ι
