1968 3268
480 121 595 158 Tituli
616 121 876 167 imperatorum
898 120 1098 166 domusque
1117 118 1386 165 imperatoriae.
1706 115 1789 154 159

89 247 168 291 est,
195 246 242 282 ut
270 241 474 282 universae
501 239 644 286 urbes,
678 250 776 290 quas
803 237 845 277 in
875 236 1092 277 luminibus
1121 233 1425 288 provinlciarum
1453 235 1551 275 hac⁴
1581 236 1791 288 regionum

88 310 267 350 omnium
295 309 449 362 species
478 314 519 349 et
546 308 672 347 forma
701 304 1001 362 disltinguitur⁵,
1032 318 1116 345 non
1145 305 1263 344 modo
1291 304 1553 356 dignitatem)
1582 303 1790 356 pristinam

87 384 271 427 teneant,
304 378 313 432 Ι
345 377 415 418 sed
453 376 570 416 etiam
607 376 655 415 ad
692 374 897 415 meliorem
933 380 1079 414 statum
1111 372 1397 414 beneficentiae
1426 370 1595 428 nosltrae
1626 385 1792 413 munere

88 445 363 500 prebeantur.⁸
420 444 518 485 Cum
548 444 669 496 igitur
698 444 751 484 ita
779 456 850 483 vos
877 441 1055 496 Tuscissae
1083 442 1319 483 adsereretis
1348 454 1434 482 esse
1462 441 1714 490 coniunctos,
1746 447 1793 482 ut

86 515 268 556 instituto
293 514 300 567 Ι
327 513 627 554 consuetudinis
654 512 809 565 priscae
837 523 911 564 per
938 511 1117 564 singulos
1142 514 1228 558 (sie)
1258 522 1458 550 annorum
1484 509 1601 564 vilces
1629 522 1652 550 a
1680 510 1792 550 vobis

87 579 248 639 [a]dque
276 582 487 635 praedictis
514 581 737 622 sacerdotes
766 585 973 627 creentur,
1004 578 1009 633 Ι
1050 580 1120 632 qui
1152 584 1248 632 aput
1277 578 1475 619 Vulsinios
1502 578 1667 620 Tusciae
1696 579 1791 620 civi-

1823 382 1861 416 15

86 652 238 702 tate(m)
267 650 382 691 ludos
407 649 415 703 Ι
439 650 647 690 schenicos
676 656 715 688 et
742 647 1000 701 gladiatorum
1032 660 1178 687 munus
1211 646 1442 695 exhibeant,
1475 644 1481 702 Ι
1521 648 1588 688 sed
1627 654 1793 700 propter
1820 654 1859 688 20

86 719 208 759 ardua
238 718 431 758 montium
462 724 503 758 et
530 716 779 757 difficultates
808 713 1007 772 itilnerum
1037 714 1230 756 saltuosa⁷
1258 715 1448 768 inpendio
1478 716 1716 769 posceretis,
1746 721 1792 756 ut

86 786 239 828 indulto
265 784 275 840 Ι
298 786 473 826 remedio
502 785 696 826 sacerdoti
724 791 853 824 vestro
884 783 936 824 ob
966 785 1159 825 editiones
1182 782 1451 838 celelbrandas
1471 784 1669 825 Vulsinios
1697 795 1791 836 per-

86 867 182 908 gere
211 867 372 895 necesse
402 866 482 894 non
515 860 629 902 esset,
662 851 667 908 Ι
698 853 848 893 scilicet
876 859 920 893 ut
948 853 1107 901 civitati,
1137 853 1201 892 cui
1232 865 1342 893 nunc
1362 852 1581 905 Hispellum
1613 849 1789 906 nomen}

86 929 147 964 est
174 935 371 976 quamque
399 922 612 962 Flaminiae
650 922 733 962 viae
770 922 970 961 confinem
1006 921 1135 973 adque
1163 918 1406 977 conltinuam
1433 933 1519 961 esse
1549 920 1790 968 memoratis,

86 991 136 1031 de
164 997 303 1031 nostro
333 990 571 1043 cognomine
596 987 604 1043 Ι
630 1002 776 1029 nomen
808 989 1011 1036 daremus,
1042 989 1081 1028 in
1112 1002 1191 1041 qua
1220 989 1412 1042 templum
1442 989 1592 1029 Flaviae
1620 988 1751 1043 gentis
1782 985 1790 1041 Ι

86 1071 207 1112 opere
243 1059 453 1113 magnifico
492 1058 679 1098 nimirum
720 1070 793 1111 pro
830 1057 1127 1111 amplitudinem
1160 1061 1245 1106 (sie)
1273 1057 1280 1111 Ι
1315 1057 1625 1110 nuncupationis
1653 1067 1789 1097 exsur-

84 1127 213 1179 gere’,
243 1127 468 1179 ibidemque
496 1126 582 1166 his⁹
607 1124 614 1179 Ι
639 1126 834 1175 sacerdos,
864 1138 983 1178 quem
1012 1127 1277 1167 anniversaria
1306 1126 1390 1166 vice
1409 1126 1571 1166 Umbria
1594 1123 1789 1178 degdissen

84 1194 351 1248 spectaculum
371 1202 451 1235 tam
470 1195 722 1235 scenicorum
741 1195 924 1235 ludorum
948 1193 954 1249 Ι
976 1206 1095 1246 quam
1114 1194 1330 1246 gladiatorii
1354 1194 1533 1234 muneris
1552 1193 1788 1241 exhiberem,

86 1270 272 1304 manente
298 1265 305 1312 Ι
330 1275 404 1316 per
432 1262 574 1303 Tuscia
604 1266 696 1311 (sic)
727 1275 773 1303 ea
802 1263 1102 1311 consuetudine,
1133 1269 1178 1303 ut
1206 1263 1380 1303 indidem
1411 1259 1579 1318 creflatus
1608 1261 1793 1302 sacerdos

84 1337 180 1383 aput
198 1330 397 1372 Vulsinios
415 1337 460 1371 ut
478 1331 630 1372 solebat
651 1329 655 1384 Ι
679 1331 898 1371 editionum
918 1331 1204 1372 antedictarum
1223 1331 1446 1384 spectacula
1468 1329 1789 1386 frelquentaross:

85 1399 303 1450 precationi
342 1399 441 1439 hac⁴
478 1399 672 1439 desiderio
707 1405 836 1440 vestro
871 1401 877 1450 Ι
912 1399 1035 1440 facilis
1071 1400 1236 1440 accessit
1264 1406 1402 1439 noster
1430 1400 1632 1439 adsensus.
1690 1398 1789 1438 Nam

86 1463 239 1521 civiltati
270 1466 445 1519 Hispello
479 1473 684 1506 aeternum
722 1466 954 1507 vocabulum
995 1480 1183 1520 nomenq.
1219 1467 1225 1522 Ι
1261 1468 1530 1508 venerandum
1567 1468 1616 1507 de
1654 1473 1790 1507 nostra

86 1534 384 1587 nuncupatione
415 1532 704 1589 conceslsimus‚
735 1536 883 1576 scilicet
912 1543 955 1575 ut
983 1537 1024 1576 in
1046 1544 1249 1589 posterum
1279 1536 1476 1589 praedicta
1506 1535 1603 1575 urbs
1629 1535 1634 1586 ξ
1663 1535 1789 1575 Flavia

86 1601 281 1642 Constans
299 1608 484 1651 vocetur;
513 1603 554 1642 in
575 1603 688 1643 cuius
707 1603 857 1655 gremio
883 1605 889 1653 Ι
917 1605 1052 1644 aedem
1078 1617 1238 1657 quoque
1258 1604 1422 1651 Flaviae,
1454 1604 1529 1643 hoc
1550 1610 1610 1643 est
1629 1609 1790 1643 nostrae

84 1666 244 1724 genfltis,
274 1676 319 1710 ut
346 1670 596 1718 desideratis,
633 1671 842 1722 magnifico
873 1685 994 1724 opere
1023 1673 1159 1725 perfici
1186 1669 1192 1725 Ι
1218 1672 1409 1718 volumus,
1441 1683 1485 1711 ea
1516 1670 1790 1711 observatione

83 1738 314 1791 perscripta,
345 1751 397 1778 ne
426 1738 543 1793 aeldis
573 1745 710 1779 nostro
741 1740 893 1779 nomini
923 1740 1099 1780 dedicata
1128 1740 1360 1792 cuiusquam
1382 1737 1620 1794 conltagiose
1648 1750 1790 1790 super-

83 1805 254 1846 stitionis
284 1806 486 1847 fraudibus
515 1807 734 1859 polluatur;
762 1806 769 1862 Ι
794 1814 1089 1860 consequenter
1116 1808 1232 1848 etiam
1263 1808 1480 1848 editionum
1511 1808 1552 1847 iu
1578 1804 1789 1861 praeldicta

84 1873 239 1914 civitate
267 1874 579 1915 exhibendorum
612 1879 703 1923 (sie)
733 1875 844 1916 vobis
868 1875 875 1930 Ι
901 1876 1100 1916 licentiam
1119 1876 1298 1917 dedimus
1308 1875 1357 1926 ¹²;
1387 1876 1538 1916 scilicet
1556 1881 1612 1923 ut,
1642 1875 1760 1916 sicuti
1781 1872 1788 1930 Ι

85 1942 233 1982 dictum
264 1949 341 1990 est,
380 1955 452 1995 per
490 1943 593 1984 vices
625 1945 818 1997 temporis
854 1942 1107 2000 sollemlnitas
1143 1945 1362 1985 editionum
1391 1944 1590 1984 Vulsinios
1629 1956 1789 1996 quoque

86 2021 167 2049 non
198 2007 374 2064 delserat,
405 2010 474 2051 ubi
504 2009 670 2068 creati[s]
702 2025 723 2052 e
754 2013 896 2054 Tuscia
924 2012 1195 2053 sacerdotibus
1223 2010 1450 2067 memoli-ata
1485 2011 1693 2052 celebritas
1723 2023 1789 2051 ex-

85 2077 255 2117 hibenda
290 2084 361 2118 est.
425 2078 480 2118 lta
518 2080 666 2132 quippe
704 2093 778 2120 nec
804 2078 810 2134 Ι
836 2081 1034 2121 veteribus
1072 2082 1262 2121 institutis
1302 2081 1514 2133 plurimum
1553 2079 1750 2120 videbitur
1781 2076 1786 2133 Ι

84 2145 329 2196 derogatum,
360 2153 399 2186 et
427 2159 508 2194 vos,
539 2149 606 2199 qui
636 2148 686 2188 ob
717 2149 936 2200 praedictas
965 2161 1102 2189 causas
1127 2148 1134 2203 Ι
1161 2149 1276 2189 nobis
1302 2148 1500 2201 supplices
1521 2148 1714 2195 extitistis,
1745 2160 1789 2187 ea

85 2225 186 2266 quae
215 2211 415 2268 inpenldio
445 2216 683 2267 postulastis,
714 2217 917 2269 impetrata
947 2229 1031 2258 esse
1061 2214 1302 2271 gaudelbitis.

199 2280 349 2323 Hispani
360 2283 398 2313 in
415 2280 558 2315 Umbria
572 2281 738 2324 (X15265
753 2284 844 2316 vidit
856 2284 1069 2327 Bor-mann).
1102 2282 1155 2323 Cf.
1169 2283 1238 2318 Mo.
1252 2284 1417 2316 Ber-ieme
1430 2283 1463 2318 d.
1475 2283 1588 2316 sactis.
1605 2281 1789 2315 Geseuselae.

85 2337 172 2370 4850
190 2347 229 2380 p.
245 2336 309 2371 499
320 2347 390 2379 seq.
406 2355 452 2362 —
471 2339 502 2379 1)
517 2338 729 2381 Exemplum
746 2342 844 2372 sacri
858 2342 1036 2383 rescripti.
1062 2359 1103 2364 —
1122 2343 1156 2382 2)
1172 2341 1215 2373 A.
1231 2339 1339 2383 55:277
1355 2339 1375 2382 (
1374 2338 1564 2372 Caesarum
1580 2338 1789 2371 vocabulum

85 2403 108 2426 a
131 2393 366 2436 quadratario
398 2396 565 2426 omissum
594 2405 665 2427 esse
691 2397 890 2438 putandum
918 2398 995 2440 ese).
1024 2416 1066 2420 —
1093 2398 1127 2437 3)
1151 2395 1386 2430 scribendum
1409 2393 1575 2429 curarum.
1599 2414 1642 2419 ——
1667 2396 1700 2436 4)
1725 2393 1789 2427 hac

80 2459 151 2492 pro
176 2460 226 2483 ac.
255 2469 298 2474 —
323 2452 357 2491 5)
384 2450 614 2483 Ser-ibendum
639 2450 826 2495 distinguit.
858 2471 903 2477 —-
935 2454 968 2493 6)
994 2453 1160 2495 Intellege
1188 2451 1426 2495 provehantur.
1459 2471 1503 2476 —
1534 2454 1569 2493 7)
1592 2451 1789 2484 nolendum

85 2504 316 2540 difficultates.
341 2525 381 2531 —
413 2508 448 2549 8)
472 2506 547 2540 Ser.
573 2512 779 2550 exsurgeret.
802 2527 848 2533 —
872 2510 906 2551 9)
931 2509 983 2542 his
1005 2520 1072 2552 pro
1098 2510 1137 2544 is.
1162 2528 1205 2533 —
1235 2511 1288 2550 10)
1312 2508 1389 2542 Ser.
1414 2508 1600 2550 exhiberet,
1644 2510 1699 2550 11)
1723 2506 1788 2541 sre-

86 2566 275 2606 quentaret.
307 2581 350 2587 —-—
385 2565 440 2603 12)
465 2563 523 2596 Ad
552 2565 645 2596 hanc
673 2564 794 2597 aedem
827 2566 957 2608 hosque
987 2565 1089 2598 ludos
1117 2567 1296 2607 pertin-uit
1322 2568 1399 2599 sine
1428 2567 1535 2600 dubio
1555 2565 1789 2609 pontificatus

81 2620 201 2661 gentis
223 2618 391 2662 Flaviae,
412 2622 629 2653 memoratus
659 2622 698 2653 in
731 2621 834 2654 titulo
860 2624 942 2654 item
966 2622 1115 2665 Hispulla·
1136 2626 1277 2666 reperto
1302 2622 1337 2657 C.
1362 2622 1528 2656 Matrinii
1550 2622 1693 2655 Aurelii
1716 2622 1789 2654 An-

86 2676 214 2715 tonini,
239 2686 342 2718 quem
366 2677 528 2710 dabimus
551 2676 650 2716 infra
676 2678 771 2709 inter
794 2679 1035 2721 municipales.
1083 2679 1206 2713 Etiam
1230 2681 1268 2712 in
1292 2678 1422 2719 Africa
1446 2679 1685 2712 sacerdotium
1702 2677 1787 2710 Fla-

86 2732 166 2764 viae
185 2734 305 2774 gentis
327 2734 530 2766 institutum
553 2745 625 2766 esse
654 2736 783 2766 narrat
798 2734 831 2767 V
832 2736 925 2768 ictor
948 2736 1105 2770 Caes.40.
1144 2735 1275 2770 Romae
1299 2747 1438 2780 quoque
1455 2738 1551 2769 eirca
1569 2734 1688 2767 eadem
1706 2737 1789 2766 lem-

81 2797 176 2830 pora
200 2787 276 2828 l'uit
293 2789 466 2832 pontificu·-
487 2790 666 2824 Flavialis
692 2790 763 2833 (VI
774 2791 867 2825 4690.
884 2793 996 2837 4694).

197 2878 283 2924 ’706
387 2881 475 2921 divo
505 2883 679 2932 Augusto
713 2882 780 2921 Pio
811 2882 1070 2925 Constantino
1101 2886 1202 2938 patri
1232 2885 1495 2931 dominorum,

87 2955 251 2988 curante
272 2948 316 2987 L.
338 2948 369 2987 T
374 2949 483 2989 urcio
506 2949 701 2997 Secundo,
734 2950 949 3002 Aproniani
975 2953 1097 3005 praef.
1130 2952 1217 2992 urb.
1242 2953 1309 3000 fil„
1340 2952 1506 3000 Asterie,
1537 2963 1640 2990 corr.
1662 2949 1785 2989 Flam.

1541 3015 1597 3073 {et
1627 3018 1786 3058 Piceni²

1820 1267 1859 1300 35
