1968 3268
777 79 894 116 Tituli
914 79 1103 117 militares.
1715 71 1799 116 39‘3

88 197 310 250 subscripta
326 195 464 238 sunt⁸:
484 196 582 249 ipsis
601 195 736 236 liberis
756 195 1004 248 posterisque
1020 197 1159 235 eorum
1179 194 1374 235 civitatem
1393 193 1500 234 dedit
1519 201 1559 233 et
1578 194 1797 235 conubium

89 278 181 306 cum
210 264 413 313 uxoribus,
443 276 540 316 quas
568 270 667 304 tunc
695 263 939 312 habuissent,
970 274 1060 302 cum
1090 268 1150 302 est
1178 262 1311 302 civitas
1340 261 1388 302 iis
1417 262 1526 310 data,
1564 268 1653 310 aut,
1693 263 1796 314 siqui

90 332 260 373 caelibes
288 338 443 381 essent,
482 345 572 372 cum
602 332 650 372 iis
679 343 777 383 quas
806 338 943 384 postea
972 331 1178 370 duxissent
1205 329 1406 370 dumtaxat
1434 329 1580 381 singuli
1609 330 1796 382 singulas.

89 401 134 440 A.
174 401 211 440 d.
260 400 314 440 111
353 401 440 440 idus
477 399 705 447 Decembr.‚
741 399 888 440 Fausto
926 398 1113 438 Cornelio
1151 397 1257 438 Sulla
1295 397 1448 447 Felice,
1488 398 1533 438 L.
1574 397 1798 438 Salvidieno

93 467 198 508 Rufo
228 467 406 508 Salviano
437 468 535 508 cos.⁴

203 536 375 589 gregali:
406 535 588 587 Spartico
617 534 782 575 Diuzeni
813 535 840 574 f.
870 533 1118 586 Dipscurto³‚
1151 530 1303 573 Besso!⁸

203 604 451 656 Descriptum
483 609 523 642 et
550 603 800 654 recognitum
830 614 878 641 ex
907 602 1040 642 tabula
1071 612 1214 648 aenea,
1255 612 1357 652 quae
1385 601 1460 640 fixa
1490 607 1550 641 est
1577 601 1728 642 Romae
1756 603 1797 643 in

93 671 284 724 Capitolio
323 670 430 711 aedis
470 669 576 710 Fidei
616 670 752 722 populi
792 670 962 710 Romani
998 675 1111 722 parte
1148 668 1384 709 dexteriore.
1450 668 1494 708 L.
1535 669 1650 710 Mesti
1688 670 1732 710 Ι..
1770 671 1800 710 f.

91 739 200 778 Aem.
240 738 363 780 Prisci
400 738 634 791 Dyrrachini
666 762 720 768 --
758 738 803 778 L.
843 738 957 778 Nutri
997 736 1162 777 Venusti
1200 735 1446 789 Dyrrachini.
1488 761 1539 765 —
1579 737 1621 778 C.
1652 738 1800 778 Durra-

90 806 196 846 chini
237 807 358 846 Anthi
387 806 621 858 Dyrrachini
659 830 715 835 —-
754 806 795 846 C.
835 805 971 845 Sabini
1002 805 1166 857 Nedymi
1196 803 1427 856 Dyrrachini
1470 827 1518 832 —
1561 805 1602 845 C.
1640 805 1800 847 Corneli

93 874 276 926 Ampliati
315 874 547 927 Dyrrachini
578 898 634 903 —
671 873 717 913 T.
749 873 944 926 Pomponi
974 872 1235 925 Epaphroditi
1265 872 1499 924 Dyrrachini
1539 896 1592 902 —-
1622 874 1670 913 Ν.
1701 874 1799 914 Mini

90 941 213 994 Hylae
244 941 634 982 Thessalonicensis-'¹

203 1019 409 1063 Diptyclwn
432 1030 591 1062 aeneum,
616 1019 752 1052 Stabiis
774 1030 850 1063 rep.
875 1031 908 1052 a.
934 1019 1027 1062 4749,
1063 1021 1115 1051 est
1136 1017 1290 1061 Neapoli
1314 1017 1388 1060 (111
1402 1028 1442 1061 p.
1464 1019 1539 1052 844.
1571 1018 1604 1052 Χ
1623 1020 1687 1054 769
1710 1021 1801 1054 vidit

90 1075 311 1119 Mommsen).
327 1095 372 1100 —
397 1077 431 1118 1)
446 1076 524 1110 Ian.
545 1075 655 1120 52s55
679 1074 745 1119 (cf.
761 1086 872 1119 supra
896 1075 942 1109 Ν.
958 1075 1054 1118 248).
1070 1094 1116 1099 -
1140 1075 1173 1117 2)
1190 1074 1284 1107 Huic
1301 1074 1431 1117 Optato
1442 1077 1582 1118 positus
1605 1079 1658 1109 est
1672 1078 1801 1110 titulus

70 1130 74 1131 ⁷
95 1131 358 1166 Tura-iciacensis
381 1143 483 1175 quem
507 1133 670 1166 dabimus
693 1131 795 1171 infra
821 1131 882 1175 (=
907 1132 942 1166 0.
965 1131 1001 1165 X
1019 1131 1147 1173 6348),·
1171 1130 1219 1171 ct:
1237 1133 1430 1174 praeterea
1446 1132 1539 1165 Ptin.
1563 1133 1598 1165 Ιι.
1620 1143 1656 1166 n.
1679 1135 1713 1176 9,
1735 1135 1801 1176 62,-

91 1189 144 1222 Ιο.
170 1188 293 1233 Lydus
317 1189 360 1222 de
382 1199 478 1231 mag.
501 1191 538 1229 5,
561 1190 607 1224 65
628 1200 664 1232 p.
687 1188 756 1222 257
778 1189 933 1230 Bet-ken
957 1187 993 1222 C.
1016 1187 1091 1223 XV
1104 1188 1183 1223 587.
1207 1207 1251 1212 —-
1276 1188 1312 1228 3)
1335 1186 1517 1221 Numerus
1538 1190 1800 1232 stipendiorum

88 1256 162 1278 non
186 1248 397 1279 enuntiatur
404 1258 419 1286 ,·
443 1257 490 1278 etc
512 1246 662 1289 reliquis
678 1246 995 1278 constitutionibus
1004 1245 1272 1288 pertinentibus
1295 1244 1344 1277 ad
1366 1244 1495 1293 classes
1518 1244 1580 1288 (N.
1602 1246 1699 1280 4990.
1714 1248 1798 1281 4994

89 1301 259 1346 aliisque)
284 1305 436 1345 apparet
458 1303 665 1336 classiarios
688 1302 851 1335 dimissos
873 1312 947 1334 esse
967 1303 1051 1345 post
1071 1301 1248 1344 stipendia
1272 1302 1406 1343 viginti
1426 1313 1502 1342 sex,
1527 1304 1633 1336 tertio
1654 1314 1691 1346 p.
1717 1303 1800 1337 Chr.

41 1368 43 1370 ·
87 1358 228 1392 saeculo
258 1357 323 1399 (cl'.
346 1359 438 1402 Eph.
468 1369 520 1401 ep.
542 1360 566 1392 5
591 1369 630 1401 p.
654 1358 734 1402 400)
763 1361 846 1401 post
866 1358 1046 1401 stipendia
1076 1359 1210 1400 viginti
1233 1361 1323 1392 octo.
1354 1377 1398 1383 —-
1427 1360 1463 1400 4)
1492 1358 1532 1392 44
1556 1359 1640 1393 Dec.
1662 1361 1723 1394 52.
1753 1379 1795 1385 -—

90 1416 125 1456 5)
148 1416 308 1448 Primum
330 1417 503 1458 scriptum
527 1417 607 1447 erat
626 1416 666 1447 in
689 1418 841 1458 utroque
865 1415 1026 1457 exempto
1049 1413 1265 1458 Dibpscurto,
1288 1414 1352 1448 sed
1373 1415 1395 1447 Ι)
1419 1426 1534 1449 erasa.
1559 1434 1602 1440 —-—
1632 1418 1666 1458 6)
1689 1417 1800 1459 Bessi,

93 1469 268 1504 Thraciae
295 1471 468 1514 populus,
499 1471 606 1504 multi
639 1470 793 1510 fuerunt
821 1472 918 1504 inter
948 1472 1165 1504 classiarios.
1201 1490 1245 1495 —
1286 1472 1319 1513 7)
1348 1471 1537 1505 Probabile
1566 1476 1699 1516 septem
1736 1475 1801 1507 hos

89 1528 259 1568 homines,
283 1527 456 1560 oriundos
478 1537 596 1559 omnes
623 1538 669 1560 ea:
689 1529 879 1570 provincia
903 1527 1126 1568 Macedonia,
1150 1529 1254 1560 cuius
1276 1527 1378 1561 Bessi
1396 1526 1550 1567 luerunt
1574 1531 1799 1573 contermini,

90 1585 224 1617 amicos
245 1582 358 1623 fuisse
382 1583 553 1626 Spartici.

207 1684 321 1730 1987
364 1686 467 1725 Nero
490 1685 673 1726 Claudius
696 1686 772 1725 divi
793 1686 926 1726 Claudi
948 1687 988 1734 f.‚
1011 1686 1234 1727 Germanici
1266 1686 1418 1726 Caesar.
1450 1700 1504 1735 n.‚
1535 1687 1595 1727 Ti.
1627 1688 1802 1729 Caesaris

92 1756 193 1807 Aug.
224 1767 400 1816 pron—
385 1753 462 1793 divi
493 1754 591 1804 Aug.
623 1754 729 1802 abu„
770 1754 877 1794 Caes.
915 1756 1015 1807 Aug.
1048 1755 1233 1795 German.
1272 1761 1384 1807 pont.
1422 1767 1549 1804 mam,
1586 1756 1678 1796 trib.
1717 1764 1800 1810 pot.

94 1822 176 1871 Vll,
207 1823 302 1874 imp.
333 1822 415 1870 Vll,
450 1833 530 1862 cos.
563 1821 670 1870 llll¹,
702 1822 862 1874 peditib.
894 1829 934 1862 et
962 1822 1125 1874 equitib.
1158 1823 1225 1874 qui
1255 1824 1366 1863 milit.
1408 1824 1448 1863 in
1481 1825 1570 1864 coh.
1602 1825 1668 1864 v11
1699 1838 1800 1878 quae

94 1891 347 1943 appellantur
371 1891 419 1940 (1)
445 1880 470 1928 Ϊ
505 1891 633 1929 Astur.
682 1896 720 1929 et
760 1890 969 1930 Callaecor.
1009 1897 1049 1930 et
1081 1891 1128 1941 (2)
1159 1891 1174 1930 Ι
1213 1891 1377 1944 Hispan.
1416 1898 1456 1931 et
1484 1891 1533 1944 (3)
1558 1883 1582 1933 Ι
1619 1894 1799 1946 Alpinor.

93 1966 133 2000 et
161 1961 212 2011 (4)
242 1959 259 1997 Ι
289 1957 516 1997 Lusitanor.
557 1963 596 1996 et
625 1958 674 2008 (5)
703 1957 738 1996 ΙΙ
777 1958 956 2011 Alpinor.
988 1966 1027 1998 et
1056 1959 1105 2011 (6)
1138 1959 1173 1998 lI
1205 1959 1313 2012 Hisp.
1344 1967 1384 2000 et
1412 1961 1462 2012 (7)
1492 1960 1521 1999 V
1555 1961 1726 2003 Luciens
1760 1970 1800 2002 et

93 2027 335 2074 Callaecor.‚²
367 2032 406 2065 et
438 2025 591 2065 suntin
613 2025 769 2078 Illyrico
799 2026 873 2066 sub
900 2026 945 2066 L.
970 2027 1189 2067 Salvidieno
1220 2027 1399 2068 Salviano
1429 2028 1548 2077 Rufo,
1579 2030 1646 2081 qui
1677 2030 1799 2082 quina

92 2100 132 2134 et
160 2094 296 2133 vicena
326 2093 496 2146 stipend.
527 2099 595 2133 aut
622 2093 736 2146 plura
765 2106 951 2142 meruer.‚
990 2107 1104 2146 quor.
1137 2096 1287 2136 nomin.
1318 2096 1530 2149 subscript.
1561 2104 1674 2138 sunt:
1705 2098 1801 2150 ipsis

92 2161 226 2202 liberis
255 2161 464 2213 posterisq.
497 2172 633 2201 eorum
673 2160 868 2201 civitatem
899 2161 1004 2201 dedit
1034 2169 1072 2202 et
1111 2162 1327 2203 conubium
1365 2176 1454 2204 cum
1485 2165 1661 2212 uxorib.,
1702 2177 1801 2217 quas

93 2236 190 2269 tuuc
220 2228 465 2275 habuissent,
503 2240 592 2267 cum
624 2234 683 2268 est
713 2228 844 2268 civitas
873 2229 920 2269 iis
949 2229 1053 2277 data,
1092 2237 1158 2270 aut
1187 2231 1219 2270 si
1250 2231 1317 2282 qui
1347 2230 1485 2271 caelib.
1517 2239 1669 2280 essent,
1708 2245 1799 2272 cum

92 2297 139 2337 iis
170 2309 266 2348 quas
286 2301 423 2349 postea
452 2296 656 2335 duxissent
676 2296 847 2335 dumtax.
878 2297 1022 2349 singuli
1052 2298 1240 2349 singulas.
1290 2299 1333 2337 A.
1356 2298 1393 2337 d.
1423 2298 1474 2337 Vl
1507 2312 1587 2339 uon
1619 2299 1705 2347 lul„
1727 2300 1799 2340 Cn.

92 2364 264 2405 Pedanio
296 2363 527 2411 Salinatore,
560 2363 603 2402 L.
634 2362 779 2402 Velleio
809 2364 1013 2404 Paterculo
1045 2366 1141 2405 cos.³

196 2432 302 2472 coh.⁴
317 2421 358 2470 1‘1
382 2431 560 2483 Hispan„
592 2430 655 2470 cui
675 2436 807 2482 praest
827 2430 868 2470 C.
890 2431 1048 2472 Caesius
1076 2433 1217 2485 Aper³,
1249 2433 1390 2485 equiti:
1421 2433 1647 2475 lantumaro
1667 2436 1800 2476 Ande-

92 2499 210 2540 dunis
242 2500 267 2539 s.
298 2498 501 2538 Varciano.

208 2567 343 2607 Descr.
377 2572 416 2605 et
446 2577 608 2616 recogn.
641 2577 687 2604 ex
717 2565 850 2605 tabula
880 2577 1016 2615 aenea,
1046 2580 1146 2619 quae
1173 2569 1245 2607 fixa
1277 2575 1335 2608 est
1365 2569 1405 2609 in
1428 2569 1593 2622 Capitol.
1623 2571 1670 2610 ad
1701 2571 1800 2611 latus

94 2634 243 2674 sinistr.
276 2634 383 2673 aedis
411 2634 584 2673 thensar.
616 2633 843 2674 extrisecus.

209 2699 351 2732 Tabella
389 2710 518 2740 aenea,
558 2699 722 2742 diptychi
756 2710 845 2742 pars
873 2702 997 2743 prior,
1036 2701 1265 2735 Vindobonae
1304 2704 1341 2734 in
1369 2713 1488 2735 museo
1528 2703 1602 2746 (ΙΙΙ
1631 2714 1670 2746 p.
1701 2706 1796 2748 845).

52 2756 57 2757 ⁷
91 2775 136 2781 —
173 2758 207 2798 1)
241 2757 284 2790 A.
314 2758 355 2789 60
387 2755 451 2798 (cf.
482 2766 592 2798 supr-a
623 2754 668 2788 N.
700 2755 854 2799 229s230
883 2759 956 2790 not.
987 2757 1042 2792 15.
1076 2758 1145 2799 14).
1182 2778 1225 2782 —
1263 2760 1296 2800 2)
1331 2759 1465 2791 Harum
1498 2759 1699 2792 cohortium
1733 2762 1797 2793 sub

92 2810 235 2845 Nerone
266 2814 305 2845 in
339 2812 488 2855 Illyrico
530 2811 747 2844 tendentium
788 2812 892 2854 longe
920 2812 1113 2856 plurimae,
1150 2814 1284 2847 scilicet
1315 2825 1434 2847 omnes
1469 2818 1612 2857 praeter
1642 2818 1799 2859 primam

90 2868 265 2901 Asturum
293 2871 326 2900 et
352 2868 594 2902 Callaecorum
619 2870 653 2899 et
674 2869 829 2910 primam
852 2868 1107 2911 Hispanorum,
1138 2872 1245 2902 etiam
1269 2871 1332 2902 sub
1363 2872 1638 2913 imperatoribus
1660 2872 1801 2906 Flauiis

92 2922 243 2962 suerunt
265 2927 304 2957 in
332 2926 528 2964 Pannonia,
556 2924 702 2956 testibus
726 2926 1040 2958 constitutionibus
1062 2936 1241 2959 annorum
1263 2928 1318 2960 80.
1342 2927 1395 2960 84.
1418 2928 1463 2960 85
1489 2926 1607 2969 (infra
1633 2928 1675 2963 N.
1693 2930 1776 2963 4997
1784 2942 1798 2970 ‚-

95 2979 131 3012 G.
148 2980 203 3012 ΙΙΙ
213 2991 248 3022 p.
265 2982 339 3014 854.
358 2981 453 3021 855),
471 2980 573 3021 duae,
597 2980 752 3013 secunda
770 2981 982 3023 Alpinorum
999 2985 1033 3014 et
1048 2984 1174 3025 quinta
1194 2982 1418 3016 Luciensimn
1439 2983 1693 3026 Callaecorum,
1710 2989 1792 3018 tem·
