1968 3268
448 151 564 187 Tituli
587 151 849 197 imperatorum
872 151 1071 195 domusque
1093 147 1361 194 imperatoriae.
1706 145 1762 185 43

170 265 353 311 Gor-tynae
374 268 415 299 in
432 265 559 300 Creta:
582 265 695 299 deser.
718 265 896 298 Halbhm·
915 264 1012 307 (oph.
1028 274 1080 307 ep.
1097 264 1118 296 7
1135 273 1176 306 p.
1189 262 1269 304 424,
1282 262 1337 305 5).
1359 279 1407 285 -
1433 262 1463 303 1)
1488 260 1675 304 Supplevit
1689 260 1762 294 Mo.

52 343 101 351 —
123 325 158 367 2)
185 322 272 358 Tale
294 323 384 366 quid
399 324 550 366 periisse
574 323 726 355 coniecit
750 320 967 363 Hirschfeld,
985 319 1247 363 probabiliter,-
1269 318 1364 361 Iapis
1386 320 1503 351 tamen
1526 318 1668 358 integer
1690 328 1763 350 esse

54 383 123 415 hae
150 383 258 425 parte
286 380 460 413 traditur.
488 398 536 403 -—
565 379 599 421 3)
630 379 733 411 Hune
764 389 837 411 esse
864 377 956 410 diem
988 387 1057 420 quo
1087 375 1241 410 Seianus
1266 376 1379 419 periit
1407 386 1442 408 a.
1464 373 1509 407 54
1541 372 1644 416 (Tae.
1676 383 1762 406 ann.

52 440 86 480 6,
99 437 165 482 25)
181 430 321 471 monm't
337 435 551 477 Hirschfeld.
569 455 615 460 -
630 437 665 476 4)
687 434 815 467 Deesse
830 433 971 476 aliquid
985 443 1058 466 non
1074 433 1244 466 traditur.
1262 450 1310 456 ·-
1329 434 1363 471 5)
1386 431 1483 464 Idem
1506 431 1610 463 homo
1634 440 1764 463 memo-

54 497 161 529 ratur
177 493 212 528 C.
230 493 292 535 VI,
307 488 451 527 4267'.—
475 495 509 534 6)
531 491 673 526 Narrat
694 490 765 524 Dio
787 492 843 532 58,
859 491 910 524 25
931 491 995 523 sub
1020 500 1054 523 a.
1075 490 1143 531 55,
1172 491 1309 522 tantum
1337 498 1524 521 numerum
1554 489 1760 520 senatorum

47 552 213 595 periisse,
234 552 277 583 ut
290 560 338 583 ea:
350 548 636 593 proconsulibus,
660 550 725 590 qm·
739 557 785 580 ea:
806 549 982 589 praetura
992 547 1205 589 provincias
1226 545 1483 586 sortiebantur,
1505 544 1675 577 nonnulli
1695 553 1762 586 per

53 610 139 650 tres,
160 618 208 640 ea:
224 606 501 649 proconsulibus
524 604 773 638 consularibus
796 602 963 636 nonnulli
981 613 1050 646 per
1071 613 1137 636 sex
1155 612 1269 635 annos
1290 603 1497 643 provincias
1520 601 1764 641 obtinuerint,-

54 664 202 698 iltorum
225 673 321 696 unus
344 664 403 696 hie
425 665 489 695 est.

171 752 253 798 159
299 753 358 793 Ti.
390 753 543 793 Caesari
569 752 645 791 divi
673 751 837 802 Augusti
868 752 895 790 f.
922 751 929 803 Ι
955 752 1132 802 Augusto
1154 748 1165 803 Ι
1191 751 1333 802 pontif.
1364 750 1547 798 maximo,
1578 762 1657 789 cos.
1689 748 1733 797 V,
1757 747 1763 801 Ι

56 823 146 863 trib.
186 826 330 875 potest.
360 819 575 868 xxxllw,
610 818 618 872 Ι
652 819 824 871 principi
862 824 1024 871 optumo
1060 831 1106 858 ac
1140 817 1147 872 Ι
1181 818 1415 866 iustissimo,
1454 817 1723 858 conservatori
1755 817 1762 870 Ι

53 889 226 943 patriae,
262 901 336 942 pro
373 887 498 928 salute
533 893 573 927 et
606 884 612 939 Ι
647 886 917 926 incolumitate
958 887 1041 927 eius
1072 885 1080 940 Ι
1114 886 1158 926 A.
1191 885 1334 926 Fabius
1362 886 1605 925 Fortunatus
1637 885 1765 924 viator

55 953 158 1013 [σοι]
183 955 192 1010 Ι
217 962 258 996 et
285 952 452 1011 pr[aet.]‚
477 955 485 1010 Ι
512 954 734 1007 Augustalis
763 951 954 1010 prim[us]‚
982 953 989 1007 Ι
1013 960 1105 994 voto
1134 960 1317 1006 suscepto
1348 967 1387 1006 p.

168 1023 212 1056 In
235 1022 364 1065 oppido
387 1021 552 1064 mgnum
576 1021 626 1054 ad
646 1022 742 1054 viam
767 1021 1004 1062 Flaminiam,
1037 1023 1122 1062 agri
1145 1020 1335 1063 Capenatis
1359 1019 1429 1062 (XI
1448 1021 1539 1054 5872
1570 1020 1678 1052 semel
1698 1022 1765 1053 ite-

13 1096 16 1098 -
55 1090 178 1113 rumve
201 1079 382 1121 descripta
404 1088 494 1112 saec.
520 1077 613 1121 XV).
639 1097 681 1103 —
709 1080 741 1119 1)
766 1078 807 1111 A.
830 1077 952 1121 52s55.

169 1167 256 1214 16⁰
299 1170 357 1209 Ti.
389 1169 543 1209 Caesari
579 1169 656 1209 divi
690 1167 697 1221 Ι
729 1170 893 1221 Augusti
930 1169 955 1207 f.
985 1167 1061 1207 divi
1091 1167 1164 1206 Iuli
1199 1167 1205 1223 Ι
1241 1169 1376 1220 nepoti
1405 1169 1505 1220 Aug.
1544 1167 1725 1220 pontifici
1756 1168 1762 1223 Ι

3 1254 8 1259 ·
56 1238 239 1286 maximo,
254 1250 337 1278 cos.
352 1237 397 1285 V,
416 1235 420 1291 Ι
440 1238 534 1290 imp.
552 1236 651 1285 VIII,
674 1244 722 1276 tr.
740 1242 822 1289 pot.
838 1235 1031 1275 XXXVIII
1043 1237 1068 1285 ¹,
1083 1235 1088 1290 Ι
1106 1237 1258 1288 auguri,
1275 1236 1341 1275 XV
1352 1236 1423 1275 vir.
1442 1247 1541 1276 sacr.
1561 1239 1562 1246 ¹
1583 1235 1765 1283 saciend„

0 1311 2 1313 ’
55 1305 204 1346 vllvir.
235 1305 435 1358 epulon.²‚
469 1304 475 1355 Ι
510 1305 554 1344 L.
587 1304 821 1344 Scribonius
850 1305 894 1344 L.
925 1305 952 1343 f.
985 1304 1070 1343 Vot.
1102 1304 1214 1344 Celer
1246 1303 1391 1357 laedil.
1426 1316 1473 1343 ex
1503 1305 1540 1343 d.
1576 1303 1613 1343 d.
1648 1301 1655 1357 Ι
1689 1316 1763 1356 pro

56 1373 169 1413 ludis.

171 1439 276 1472 Antii
304 1449 396 1481 rep„
426 1449 523 1472 nune
555 1440 593 1470 in
622 1447 742 1470 museo
769 1438 964 1471 Veronensi
989 1437 1060 1479 (VI
1079 1439 1175 1481 905).
1207 1457 1253 1461 --
1279 1440 1311 1479 1)
1334 1438 1379 1470 A.
1401 1436 1516 1481 56157,
1539 1456 1585 1461 -
1610 1438 1644 1480 2)
1668 1436 1763 1471 Raro

57 1495 117 1537 (ut
138 1497 245 1528 ettam
268 1494 307 1527 ΙΙ
317 1495 420 1528 2062.
443 1495 479 1528 Χ
489 1495 594 1538 8088)
624 1497 870 1527 memorantur
906 1497 1078 1536 quattuor
1108 1494 1308 1527 sacerdotia
1342 1495 1561 1536 amplissima
1585 1496 1626 1527 in
1650 1494 1767 1527 titulis

62 1551 199 1584 Tiberii
222 1549 269 1590 ef.
294 1550 364 1584 Mo.
388 1550 541 1584 Staatsr.
565 1551 604 1584 II
620 1561 657 1593 p.
673 1551 749 1584 756.

173 1640 255 1687 161
298 1641 458 1682 Herculi
478 1642 624 1681 invicto
651 1639 657 1695 Ι
684 1642 743 1682 Ti.
762 1642 884 1682 Iulius
904 1643 1069 1694 Augusti
1091 1643 1116 1681 f.
1139 1642 1214 1682 divi
1236 1655 1328 1694 nep.
1351 1642 1492 1683 Caesar
1510 1643 1610 1693 Aug.
1633 1640 1638 1694 Ι
1657 1643 1767 1695 imp„

58 1710 239 1764 pontifex
267 1721 487 1758 maxumus,
517 1708 604 1749 ded.
632 1708 639 1763 Ι
684 1708 695 1751 ,¹
718 1707 729 1751 ,Ι
752 1707 762 1751 ,Ι
785 1709 795 1753 Ξ
818 1709 828 1751 t
854 1708 863 1751 1
888 1710 896 1751 ἱ
921 1708 933 1752 ‚¹
954 1707 963 1753 Ι
991 1707 999 1751 l
1024 1708 1035 1751 ,¹

177 1775 287 1810 stoa·
308 1778 347 1822 in
369 1786 470 1819 prov.
494 1775 654 1818 Baetica,
678 1776 789 1810 deser.
814 1776 978 1809 Huebner
1002 1775 1058 1818 (ΙΙ
1077 1775 1188 1819 4660).
1214 1795 1259 1800 -
1282 1775 1331 1808 Et
1354 1775 1446 1809 Julii
1467 1786 1596 1809 nomen
1625 1775 1767 1809 Tiberio

57 1833 212 1868 inditum
234 1834 367 1866 mirum
391 1835 443 1864 est
463 1851 511 1856 —
533 1834 715 1874 reperitur
736 1833 778 1866 id
794 1836 983 1875 praeterea
1009 1834 1149 1865 tantum
1172 1833 1210 1864 in
1237 1831 1313 1874 Iege
1328 1831 1371 1864 de
1385 1833 1537 1875 imperio
1554 1832 1768 1876 Vespasiani

60 1888 178 1933 (infra
195 1887 241 1923 Ν.
256 1890 340 1933 244)
364 1891 400 1921 et
420 1891 460 1921 in
484 1889 590 1922 titulo
610 1888 744 1922 Graeco
760 1889 893 1932 Ephesi
914 1899 988 1932 rep.
1007 1888 1028 1931 (
1027 1888 1079 1923 W
1074 1888 1145 1921 ood
1166 1888 1380 1921 discover-ies
1402 1891 1443 1922 at
1463 1889 1633 1932 Ephesus,
1656 1891 1765 1923 inser.

59 1944 158 1986 from
189 1946 247 1978 tlte
267 1946 491 1988 Augusteum
512 1955 548 1979 n.
573 1945 631 1988 44)
660 1964 705 1969 —-
736 1949 772 1978 et
795 1946 1077 1979 consecrationis
1098 1947 1138 1977 in
1162 1945 1327 1987 Augusto
1349 1947 1482 1978 mentio
1506 1947 1655 1987 omissa,
1684 1956 1767 1978 nam

58 2005 141 2046 post
155 2003 455 2035 consecrationem
470 2002 629 2044 Aug-usti
647 2001 795 2034 titulum
806 2004 964 2044 positum
987 2012 1058 2034 esse
1082 2002 1302 2035 demonstrat
1318 2001 1555 2044 pontificatus
1577 2004 1770 2037 maz-imus.

59 2057 154 2091 Milan·
174 2056 319 2090 videtur
341 2057 467 2090 titulus
484 2068 589 2100 posse
605 2060 789 2100 pertinere
811 2058 860 2090 od
882 2058 1014 2091 donum
1038 2058 1162 2091 datum
1179 2058 1324 2091 Her-culi
1338 2069 1361 2091 a
1381 2057 1523 2091 Tiberio
1548 2059 1770 2092 adulescente

60 2114 102 2147 in
118 2113 293 2156 Hispania
309 2117 472 2147 morante
493 2112 558 2156 (cs'.
575 2114 625 2147 ad
637 2113 682 2148 N.
698 2114 789 2158 444),
812 2116 998 2147 restitutus
1008 2117 1092 2157 post
1107 2114 1253 2157 longam
1269 2125 1447 2148 annorum
1462 2117 1600 2157 seriem,
1615 2114 1770 2155 fortasse

62 2171 164 2202 iussu
187 2167 354 2211 Neronis,
378 2172 482 2202 euius
503 2180 631 2203 nomen
654 2170 734 2203 vide
756 2182 802 2203 ne
824 2181 965 2203 erasum
988 2173 1036 2203 sit
1058 2173 1096 2203 in
1119 2172 1202 2212 fine.

178 2257 264 2304 162
306 2260 452 2299 Romae
483 2267 522 2300 et
551 2261 668 2314 imp.¹
700 2261 758 2301 Ti.
785 2262 938 2302 Caesari
965 2261 972 2314 Ι
999 2263 1175 2314 Augusto
1206 2275 1359 2302 sacrum
1387 2263 1393 2316 Ι
1421 2267 1576 2309 (reliqua
1602 2268 1674 2310 legi
1698 2279 1771 2301 non

21 2328 27 2358 ‘i
57 2326 284 2370 ponaer-unt).

37 2396 39 2399 ¹
182 2382 226 2415 In
261 2384 450 2425 provincia
482 2381 610 2421 Africa
647 2383 724 2416 loeo
763 2384 860 2416 dicto
890 2383 1075 2426 Mograwa
1109 2383 1214 2425 (VIII
1240 2386 1334 2427 685).
1370 2404 1416 2409 -
1455 2387 1488 2427 1)
1517 2385 1613 2419 Nota
1644 2388 1771 2420 iuncta

60 2440 298 2482 praenomina
327 2438 461 2472 Tiberii
484 2441 518 2470 et
540 2440 779 2482 imperatoris,
806 2440 846 2472 id
869 2440 965 2482 quod
986 2438 1123 2479 factum
1147 2450 1219 2472 esse
1241 2441 1385 2474 videtur
1408 2444 1515 2475 etiam
1543 2442 1631 2476 VIII
1642 2443 1772 2490 1049&-

66 2493 114 2534 el'.
135 2504 246 2537 supra
268 2495 318 2528 ad
338 2494 384 2528 Ν.
399 2494 467 2527 452
491 2497 562 2527 not.
580 2494 610 2528 4.

28 2626 34 2633 1
180 2583 265 2630 163
307 2598 447 2638 aquam
480 2581 726 2639 Augus[tam]
755 2584 761 2639 Ι
788 2586 827 2625 in
860 2586 1052 2626 honorem
1084 2584 1160 2641 [Ti.
1194 2584 1393 2643 Coe][saris
1412 2590 1576 2641 Augusti
1610 2586 1771 2645 n[epo]'·

3 2646 32 2696 {J
66 2656 190 2704 tumq.
214 2653 298 2693 eius
322 2649 606 2710 Pelt[uin(um)]
632 2652 636 2705 Ι
661 2653 939 2705 adduxermnt)
967 2655 1075 2706 pr(o)
1103 2651 1303 2711 ae[tern.]²
1333 2655 1541 2696 Caesarum
1568 2655 1573 2711 Ι
1599 2657 1768 2698 Salvieni

2 2711 40 2766 ‘³23
68 2716 229 2774 Panum
257 2717 307 2774 et]
334 2722 341 2771 Ι
367 2720 509 2760 Florus
534 2720 540 2771 Ι
566 2720 648 2760 aed.
679 2717 773 2775 q[‹1.]

180 2786 333 2828 Aquilae
357 2797 443 2830 rep„
466 2786 528 2819 sed
549 2786 686 2828 prodiit
710 2787 800 2828 lapis
819 2791 908 2829 puto
933 2799 979 2821 ea,-
1000 2789 1191 2823 ruderibus
1214 2790 1339 2832 oppidi
1365 2790 1591 2822 Vestinorum
1617 2789 1771 2822 Peltuini

7 2837 39 2866 ’ῗέ
69 2839 139 2883 (lx
149 2843 267 2886 4209).
288 2861 336 2868 —
354 2842 493 2876 Titulus
514 2843 653 2885 positus
675 2844 756 2884 post
778 2847 926 2876 mortem
942 2844 1065 2885 Drusi,
1090 2856 1169 2878 eum
1193 2847 1251 2878 Ιιίο
1274 2856 1345 2878 non
1368 2848 1584 2878 memoretur
1592 2858 1604 2883 ;
1630 2847 1772 2887 nepotes

24 2895 46 2936 j
67 2901 152 2931 unu
178 2901 242 2931 aut
271 2897 368 2932 Nero
401 2901 436 2930 et
458 2898 598 2931 Drusus
631 2897 835 2932 Germanici
860 2900 947 2941 filii,
978 2903 1043 2933 aut
1071 2902 1199 2934 horum
1230 2901 1348 2941 frater·
1381 2901 1492 2934 Gaius
1521 2911 1599 2933 eum
1632 2899 1771 2934 Tiberio

68 2950 180 2986 Drusi
203 2953 232 2993 Γ.
262 2972 306 2978 -
338 2956 371 2996 ¹)
396 2954 579 2997 Supplevit
603 2954 672 2988 Mo.
720 2955 773 2987 De
795 2954 953 2995 for-mula
980 2959 1052 2990 voti
1076 2968 1166 3000 quae
1190 2956 1264 2996 fuit
1286 2968 1354 3000 pro
1378 2958 1590 2989 aeter-nitate
1614 2957 1772 2999 Aug-usti

70 3006 117 3048 οῙ.
140 3008 282 3043 Henzen
305 3014 373 3044 aet.
398 3011 485 3044 Aru.
505 3021 543 3053 p.
561 3010 632 3044 444.
