<?xml version="1.0" encoding="UTF-8"?>
<!DOCTYPE html PUBLIC "-//W3C//DTD XHTML 1.0 Transitional//EN"
    "http://www.w3.org/TR/xhtml1/DTD/xhtml1-transitional.dtd">
<html xmlns="http://www.w3.org/1999/xhtml" xml:lang="en" lang="en">
 <head>
  <title>
</title>
<meta http-equiv="Content-Type" content="text/html;charset=utf-8" />
  <meta name='ocr-system' content='tesseract 3.04.00' />
  <meta name='ocr-capabilities' content='ocr_page ocr_carea ocr_par ocr_line ocrx_word'/>
</head>
<body>
  <div class='ocr_page' id='page_1' title='image "./inscriptioneslat01dessuoft_0185.png"; bbox 0 0 1968 3268; ppageno 0'>
   <div class='ocr_carea' id='block_1_1' title="bbox 428 114 1745 168">
    <p class='ocr_par' dir='ltr' id='par_1_1' title="bbox 428 114 1745 168">
     <span class='ocr_line' id='line_1_1' title="bbox 428 114 1745 168; baseline -0.004 -9"><span class='ocrx_word' id='word_1_1' title='bbox 428 122 543 159; x_wconf 84' lang='lat' dir='ltr'><strong>Tituli</strong></span> <span class='ocrx_word' id='word_1_2' title='bbox 564 121 825 168; x_wconf 77' lang='lat' dir='ltr'><strong>imperatorum</strong></span> <span class='ocrx_word' id='word_1_3' title='bbox 846 120 1045 166; x_wconf 77' lang='lat' dir='ltr'><strong>domusque</strong></span> <span class='ocrx_word' id='word_1_4' title='bbox 1065 118 1335 166; x_wconf 72' lang='lat' dir='ltr'><strong>imperatoriae.</strong></span> <span class='ocrx_word' id='word_1_5' title='bbox 1664 114 1745 155; x_wconf 87' lang='lat'><strong>173</strong></span> 
     </span>
    </p>
   </div>
   <div class='ocr_carea' id='block_1_2' title="bbox 33 231 1744 414">
    <p class='ocr_par' dir='ltr' id='par_1_2' title="bbox 33 231 1744 414">
     <span class='ocr_line' id='line_1_2' title="bbox 145 231 1744 291; baseline -0.004 -12"><span class='ocrx_word' id='word_1_6' title='bbox 145 237 231 283; x_wconf 81' lang='grc' dir='ltr'><strong>’ΠἿ</strong></span> <span class='ocrx_word' id='word_1_7' title='bbox 272 237 336 278; x_wconf 83' lang='lat' dir='ltr'><strong>dd.</strong></span> <span class='ocrx_word' id='word_1_8' title='bbox 368 250 438 278; x_wconf 90' lang='lat' dir='ltr'><strong>nn.</strong></span> <span class='ocrx_word' id='word_1_9' title='bbox 467 238 589 291; x_wconf 86' lang='lat' dir='ltr'><strong>impp.</strong></span> <span class='ocrx_word' id='word_1_10' title='bbox 615 235 623 291; x_wconf 97' lang='grc' dir='ltr'>Ι</span> <span class='ocrx_word' id='word_1_11' title='bbox 650 237 780 277; x_wconf 84' lang='lat' dir='ltr'><strong>Flavio</strong></span> <span class='ocrx_word' id='word_1_12' title='bbox 810 236 971 276; x_wconf 81' lang='lat' dir='ltr'><strong>Valente</strong></span> <span class='ocrx_word' id='word_1_13' title='bbox 1000 242 1040 276; x_wconf 86' lang='lat' dir='ltr'><strong>et</strong></span> <span class='ocrx_word' id='word_1_14' title='bbox 1064 234 1072 289; x_wconf 92' lang='grc' dir='ltr'>Ι</span> <span class='ocrx_word' id='word_1_15' title='bbox 1097 234 1156 275; x_wconf 85' lang='lat' dir='ltr'><strong>Fl.</strong></span> <span class='ocrx_word' id='word_1_16' title='bbox 1181 234 1366 275; x_wconf 85' lang='lat' dir='ltr'><strong>Gratiano</strong></span> <span class='ocrx_word' id='word_1_17' title='bbox 1397 233 1525 274; x_wconf 65' lang='lat' dir='ltr'><strong>Caoes.</strong></span> <span class='ocrx_word' id='word_1_18' title='bbox 1552 231 1559 286; x_wconf 90' lang='grc' dir='ltr'>Ι</span> <span class='ocrx_word' id='word_1_19' title='bbox 1583 233 1744 274; x_wconf 83' lang='lat' dir='ltr'><strong>victorr.</strong></span> 
     </span>
     <span class='ocr_line' id='line_1_3' title="bbox 33 304 603 360; baseline -0.005 -12"><span class='ocrx_word' id='word_1_20' title='bbox 33 319 80 348; x_wconf 87' lang='lat' dir='ltr'><strong>ac</strong></span> <span class='ocrx_word' id='word_1_21' title='bbox 106 304 280 360; x_wconf 71' lang='lat' dir='ltr'><strong>trilump.</strong></span> <span class='ocrx_word' id='word_1_22' title='bbox 310 318 434 359; x_wconf 80' lang='lat' dir='ltr'><strong>semp.</strong></span> <span class='ocrx_word' id='word_1_23' title='bbox 465 306 603 358; x_wconf 87' lang='lat' dir='ltr'><strong>Augg.¹</strong></span> 
     </span>
     <span class='ocr_line' id='line_1_4' title="bbox 146 367 1743 414; baseline -0.004 -8"><span class='ocrx_word' id='word_1_24' title='bbox 146 373 363 414; x_wconf 73' lang='lat' dir='ltr'><strong>Fert-ariae,</strong></span> <span class='ocrx_word' id='word_1_25' title='bbox 386 372 550 406; x_wconf 85' lang='lat' dir='ltr'><strong>columna</strong></span> <span class='ocrx_word' id='word_1_26' title='bbox 573 371 735 404; x_wconf 84' lang='lat' dir='ltr'><strong>miliaria</strong></span> <span class='ocrx_word' id='word_1_27' title='bbox 760 369 815 414; x_wconf 88' lang='lat' dir='ltr'><strong>(V</strong></span> <span class='ocrx_word' id='word_1_28' title='bbox 831 371 920 404; x_wconf 83' lang='lat'><strong><em>8008</em></strong></span> <span class='ocrx_word' id='word_1_29' title='bbox 942 370 1035 403; x_wconf 86' lang='lat' dir='ltr'><strong>vidit</strong></span> <span class='ocrx_word' id='word_1_30' title='bbox 1057 368 1277 412; x_wconf 75' lang='lat' dir='ltr'><em>Mommsen).</em></span> <span class='ocrx_word' id='word_1_31' title='bbox 1302 387 1348 393; x_wconf 92' lang='lat'><strong>—-</strong></span> <span class='ocrx_word' id='word_1_32' title='bbox 1375 370 1407 412; x_wconf 89' lang='lat'><strong>1)</strong></span> <span class='ocrx_word' id='word_1_33' title='bbox 1430 368 1474 402; x_wconf 89' lang='lat' dir='ltr'><strong>A.</strong></span> <span class='ocrx_word' id='word_1_34' title='bbox 1496 367 1577 411; x_wconf 77' lang='lat'><strong>375,</strong></span> <span class='ocrx_word' id='word_1_35' title='bbox 1599 369 1743 400; x_wconf 82' lang='lat' dir='ltr'><strong>mortuo</strong></span> 
     </span>
    </p>
   </div>
   <div class='ocr_carea' id='block_1_3' title="bbox 32 424 1745 528">
    <p class='ocr_par' dir='ltr' id='par_1_3' title="bbox 32 424 1745 528">
     <span class='ocr_line' id='line_1_5' title="bbox 35 424 1745 472; baseline -0.004 -8"><span class='ocrx_word' id='word_1_36' title='bbox 35 429 295 465; x_wconf 75' lang='lat' dir='ltr'><strong>Valentiniano</strong></span> <span class='ocrx_word' id='word_1_37' title='bbox 319 428 370 472; x_wconf 85' lang='lat' dir='ltr'><strong>(d.</strong></span> <span class='ocrx_word' id='word_1_38' title='bbox 393 429 436 462; x_wconf 74' lang='lat'><strong>47</strong></span> <span class='ocrx_word' id='word_1_39' title='bbox 458 427 585 471; x_wconf 69' lang='lat' dir='ltr'><strong>Noc),</strong></span> <span class='ocrx_word' id='word_1_40' title='bbox 615 427 775 461; x_wconf 86' lang='lat' dir='ltr'><strong>nondum</strong></span> <span class='ocrx_word' id='word_1_41' title='bbox 801 427 926 460; x_wconf 85' lang='lat' dir='ltr'><strong>audito</strong></span> <span class='ocrx_word' id='word_1_42' title='bbox 950 427 1008 460; x_wconf 75' lang='lat' dir='ltr'><strong>vel</strong></span> <span class='ocrx_word' id='word_1_43' title='bbox 1029 426 1188 460; x_wconf 83' lang='lat' dir='ltr'><strong>nondum</strong></span> <span class='ocrx_word' id='word_1_44' title='bbox 1212 425 1424 467; x_wconf 79' lang='lat' dir='ltr'><strong>confirmato</strong></span> <span class='ocrx_word' id='word_1_45' title='bbox 1449 424 1745 459; x_wconf 82' lang='lat' dir='ltr'><strong>Valentinianum</strong></span> 
     </span>
     <span class='ocr_line' id='line_1_6' title="bbox 32 485 814 528; baseline -0.005 -8"><span class='ocrx_word' id='word_1_46' title='bbox 32 487 213 520; x_wconf 63' lang='lat' dir='ltr'><strong>inaniorem</strong></span> <span class='ocrx_word' id='word_1_47' title='bbox 235 485 442 528; x_wconf 77' lang='lat' dir='ltr'><strong>Augustum</strong></span> <span class='ocrx_word' id='word_1_48' title='bbox 464 487 710 528; x_wconf 84' lang='lat' dir='ltr'><strong>nuncupatum</strong></span> <span class='ocrx_word' id='word_1_49' title='bbox 732 494 814 517; x_wconf 79' lang='lat' dir='ltr'><strong>esse.</strong></span> 
     </span>
    </p>
   </div>
   <div class='ocr_carea' id='block_1_4' title="bbox 31 581 1748 948">
    <p class='ocr_par' dir='ltr' id='par_1_4' title="bbox 33 581 1748 779">
     <span class='ocr_line' id='line_1_7' title="bbox 146 581 1748 642; baseline -0.004 -12"><span class='ocrx_word' id='word_1_50' title='bbox 146 587 233 634; x_wconf 79' lang='grc'>’778</span> <span class='ocrx_word' id='word_1_51' title='bbox 274 590 416 630; x_wconf 86' lang='lat' dir='ltr'><strong>virtute</strong></span> <span class='ocrx_word' id='word_1_52' title='bbox 446 589 606 642; x_wconf 81' lang='lat' dir='ltr'><strong>inclyto,</strong></span> <span class='ocrx_word' id='word_1_53' title='bbox 633 585 640 641; x_wconf 94' lang='grc' dir='ltr'>Ι</span> <span class='ocrx_word' id='word_1_54' title='bbox 664 588 810 641; x_wconf 79' lang='lat' dir='ltr'><strong>pietate</strong></span> <span class='ocrx_word' id='word_1_55' title='bbox 837 587 1023 640; x_wconf 85' lang='lat' dir='ltr'><strong>pacifico,</strong></span> <span class='ocrx_word' id='word_1_56' title='bbox 1056 587 1094 626; x_wconf 93' lang='lat' dir='ltr'><strong>d.</strong></span> <span class='ocrx_word' id='word_1_57' title='bbox 1126 599 1166 626; x_wconf 89' lang='lat' dir='ltr'><strong>n.</strong></span> <span class='ocrx_word' id='word_1_58' title='bbox 1203 586 1390 626; x_wconf 84' lang='lat' dir='ltr'><strong>Gratiano</strong></span> <span class='ocrx_word' id='word_1_59' title='bbox 1419 581 1562 641; x_wconf 72' lang='lat' dir='ltr'><strong>felil[c]i</strong></span> <span class='ocrx_word' id='word_1_60' title='bbox 1590 595 1748 636; x_wconf 85' lang='lat' dir='ltr'><strong>semper</strong></span> 
     </span>
     <span class='ocr_line' id='line_1_8' title="bbox 33 650 1747 714; baseline -0.005 -15"><span class='ocrx_word' id='word_1_61' title='bbox 33 658 211 711; x_wconf 78' lang='lat' dir='ltr'><strong>Augusto</strong></span> <span class='ocrx_word' id='word_1_62' title='bbox 237 655 244 711; x_wconf 99' lang='grc' dir='ltr'>Ι</span> <span class='ocrx_word' id='word_1_63' title='bbox 270 653 456 714; x_wconf 80' lang='lat' dir='ltr'><strong>[SJextius</strong></span> <span class='ocrx_word' id='word_1_64' title='bbox 484 656 670 697; x_wconf 86' lang='lat' dir='ltr'><strong>Rusticus</strong></span> <span class='ocrx_word' id='word_1_65' title='bbox 695 656 703 708; x_wconf 89' lang='grc' dir='ltr'>Ι</span> <span class='ocrx_word' id='word_1_66' title='bbox 727 655 923 696; x_wconf 89' lang='lat' dir='ltr'><strong>Iulianus¹</strong></span> <span class='ocrx_word' id='word_1_67' title='bbox 963 667 998 694; x_wconf 89' lang='lat' dir='ltr'><strong>v.</strong></span> <span class='ocrx_word' id='word_1_68' title='bbox 1037 666 1072 694; x_wconf 92' lang='lat' dir='ltr'><strong>c.</strong></span> <span class='ocrx_word' id='word_1_69' title='bbox 1111 650 1393 710; x_wconf 70' lang='lat' dir='ltr'><strong>procon{[s]ule</strong></span> <span class='ocrx_word' id='word_1_70' title='bbox 1430 665 1469 706; x_wconf 90' lang='lat' dir='ltr'><strong>p.</strong></span> <span class='ocrx_word' id='word_1_71' title='bbox 1505 653 1549 692; x_wconf 80' lang='lat' dir='ltr'><strong>A.</strong></span> <span class='ocrx_word' id='word_1_72' title='bbox 1591 651 1747 693; x_wconf 91' lang='lat' dir='ltr'><strong>numini</strong></span> 
     </span>
     <span class='ocr_line' id='line_1_9' title="bbox 34 719 1118 779; baseline -0.005 -12"><span class='ocrx_word' id='word_1_73' title='bbox 34 726 120 766; x_wconf 82' lang='lat' dir='ltr'><strong>eius</strong></span> <span class='ocrx_word' id='word_1_74' title='bbox 143 725 151 779; x_wconf 97' lang='grc' dir='ltr'>Ι</span> <span class='ocrx_word' id='word_1_75' title='bbox 177 725 434 766; x_wconf 83' lang='lat' dir='ltr'><strong>dicatissimus</strong></span> <span class='ocrx_word' id='word_1_76' title='bbox 462 720 640 779; x_wconf 73' lang='lat' dir='ltr'><strong>sac}[r]ae</strong></span> <span class='ocrx_word' id='word_1_77' title='bbox 668 723 859 763; x_wconf 87' lang='lat' dir='ltr'><strong>maiestati</strong></span> <span class='ocrx_word' id='word_1_78' title='bbox 889 719 1118 777; x_wconf 71' lang='lat' dir='ltr'><strong>consltituit.</strong></span> 
     </span>
    </p>

    <p class='ocr_par' dir='ltr' id='par_1_5' title="bbox 31 785 1748 948">
     <span class='ocr_line' id='line_1_10' title="bbox 146 785 1748 836; baseline -0.003 -11"><span class='ocrx_word' id='word_1_79' title='bbox 146 792 191 825; x_wconf 87' lang='lat' dir='ltr'><strong>In</strong></span> <span class='ocrx_word' id='word_1_80' title='bbox 203 792 395 836; x_wconf 80' lang='lat' dir='ltr'><strong>provincia</strong></span> <span class='ocrx_word' id='word_1_81' title='bbox 410 789 552 831; x_wconf 73' lang='lat' dir='ltr'><strong>Africa,</strong></span> <span class='ocrx_word' id='word_1_82' title='bbox 576 791 630 823; x_wconf 81' lang='lat' dir='ltr'><strong>ibi</strong></span> <span class='ocrx_word' id='word_1_83' title='bbox 650 791 714 823; x_wconf 86' lang='lat' dir='ltr'><strong>ubi</strong></span> <span class='ocrx_word' id='word_1_84' title='bbox 735 788 813 829; x_wconf 77' lang='lat' dir='ltr'><strong>fuit</strong></span> <span class='ocrx_word' id='word_1_85' title='bbox 834 790 975 823; x_wconf 85' lang='lat' dir='ltr'><strong>colonia</strong></span> <span class='ocrx_word' id='word_1_86' title='bbox 993 788 1119 832; x_wconf 86' lang='lat' dir='ltr'><strong>Carpis</strong></span> <span class='ocrx_word' id='word_1_87' title='bbox 1136 788 1244 832; x_wconf 62' lang='lat' dir='ltr'><strong>(Epa.</strong></span> <span class='ocrx_word' id='word_1_88' title='bbox 1258 789 1290 831; x_wconf 88' lang='grc'><strong>7,</strong></span> <span class='ocrx_word' id='word_1_89' title='bbox 1305 789 1397 833; x_wconf 77' lang='grc'><strong><em>446).</em></strong></span> <span class='ocrx_word' id='word_1_90' title='bbox 1421 807 1465 813; x_wconf 90' lang='grc'><strong>-</strong></span> <span class='ocrx_word' id='word_1_91' title='bbox 1493 789 1527 830; x_wconf 87' lang='grc'><strong>1)</strong></span> <span class='ocrx_word' id='word_1_92' title='bbox 1549 785 1748 820; x_wconf 77' lang='lat' dir='ltr'><strong>Pmeonsul</strong></span> 
     </span>
     <span class='ocr_line' id='line_1_11' title="bbox 33 843 1748 889; baseline -0.004 -6"><span class='ocrx_word' id='word_1_93' title='bbox 33 851 251 882; x_wconf 83' lang='lat' dir='ltr'><strong>memoratus</strong></span> <span class='ocrx_word' id='word_1_94' title='bbox 274 851 310 881; x_wconf 78' lang='lat' dir='ltr'><strong>et</strong></span> <span class='ocrx_word' id='word_1_95' title='bbox 331 850 371 880; x_wconf 87' lang='lat' dir='ltr'><strong>in</strong></span> <span class='ocrx_word' id='word_1_96' title='bbox 392 847 475 880; x_wconf 84' lang='lat' dir='ltr'><strong>aliis</strong></span> <span class='ocrx_word' id='word_1_97' title='bbox 497 846 613 880; x_wconf 83' lang='lat' dir='ltr'><strong>titulis</strong></span> <span class='ocrx_word' id='word_1_98' title='bbox 627 845 818 886; x_wconf 75' lang='lat' dir='ltr'><em>Africanis</em></span> <span class='ocrx_word' id='word_1_99' title='bbox 834 845 945 889; x_wconf 86' lang='lat' dir='ltr'><em>(VIII</em></span> <span class='ocrx_word' id='word_1_100' title='bbox 954 845 1048 880; x_wconf 69' lang='lat'><strong>4447.</strong></span> <span class='ocrx_word' id='word_1_101' title='bbox 1070 845 1163 888; x_wconf 64' lang='lat' dir='ltr'><strong>Epa.</strong></span> <span class='ocrx_word' id='word_1_102' title='bbox 1182 847 1216 887; x_wconf 77' lang='grc' dir='ltr'><strong>ὅ,</strong></span> <span class='ocrx_word' id='word_1_103' title='bbox 1234 845 1317 889; x_wconf 75' lang='grc'><strong><em>643)</em></strong></span> <span class='ocrx_word' id='word_1_104' title='bbox 1342 848 1378 878; x_wconf 87' lang='lat' dir='ltr'><strong>et</strong></span> <span class='ocrx_word' id='word_1_105' title='bbox 1391 846 1431 877; x_wconf 89' lang='lat' dir='ltr'><strong>in</strong></span> <span class='ocrx_word' id='word_1_106' title='bbox 1448 844 1568 878; x_wconf 84' lang='lat' dir='ltr'><strong>codice</strong></span> <span class='ocrx_word' id='word_1_107' title='bbox 1591 843 1748 877; x_wconf 80' lang='lat' dir='ltr'><strong>Theodo-</strong></span> 
     </span>
     <span class='ocr_line' id='line_1_12' title="bbox 31 901 1178 948; baseline -0.003 -9"><span class='ocrx_word' id='word_1_108' title='bbox 31 907 146 947; x_wconf 83' lang='lat' dir='ltr'><strong>siano,</strong></span> <span class='ocrx_word' id='word_1_109' title='bbox 169 916 217 938; x_wconf 74' lang='lat' dir='ltr'><strong>ea.-</strong></span> <span class='ocrx_word' id='word_1_110' title='bbox 240 915 309 948; x_wconf 79' lang='lat' dir='ltr'><strong>quo</strong></span> <span class='ocrx_word' id='word_1_111' title='bbox 332 904 558 947; x_wconf 82' lang='lat' dir='ltr'><strong>intellegitur</strong></span> <span class='ocrx_word' id='word_1_112' title='bbox 579 901 746 942; x_wconf 81' lang='lat' dir='ltr'><strong>Africam</strong></span> <span class='ocrx_word' id='word_1_113' title='bbox 769 904 906 936; x_wconf 69' lang='lat' dir='ltr'><strong>rescisse</strong></span> <span class='ocrx_word' id='word_1_114' title='bbox 929 913 962 936; x_wconf 93' lang='lat' dir='ltr'><strong>a.</strong></span> <span class='ocrx_word' id='word_1_115' title='bbox 985 902 1178 936; x_wconf 73' lang='grc'><strong><em>371-373.</em></strong></span> 
     </span>
    </p>
   </div>
   <div class='ocr_carea' id='block_1_5' title="bbox 28 1000 1748 1536">
    <p class='ocr_par' dir='ltr' id='par_1_6' title="bbox 147 1000 1744 1061">
     <span class='ocr_line' id='line_1_13' title="bbox 147 1000 1744 1061; baseline -0.003 -13"><span class='ocrx_word' id='word_1_116' title='bbox 147 1005 232 1052; x_wconf 76' lang='grc'><strong>’779</strong></span> <span class='ocrx_word' id='word_1_117' title='bbox 275 1008 403 1048; x_wconf 85' lang='lat' dir='ltr'><strong>divina</strong></span> <span class='ocrx_word' id='word_1_118' title='bbox 432 1008 555 1060; x_wconf 85' lang='lat' dir='ltr'><strong>stirpe</strong></span> <span class='ocrx_word' id='word_1_119' title='bbox 580 1007 587 1061; x_wconf 95' lang='grc' dir='ltr'>Ι</span> <span class='ocrx_word' id='word_1_120' title='bbox 613 1007 823 1059; x_wconf 86' lang='lat' dir='ltr'><strong>progenito</strong></span> <span class='ocrx_word' id='word_1_121' title='bbox 842 1005 848 1060; x_wconf 97' lang='grc' dir='ltr'>Ι</span> <span class='ocrx_word' id='word_1_122' title='bbox 866 1006 903 1046; x_wconf 89' lang='lat' dir='ltr'><strong>d.</strong></span> <span class='ocrx_word' id='word_1_123' title='bbox 933 1019 973 1045; x_wconf 92' lang='lat' dir='ltr'><strong>n.</strong></span> <span class='ocrx_word' id='word_1_124' title='bbox 995 1004 1282 1058; x_wconf 76' lang='lat' dir='ltr'><strong>Valentinialno</strong></span> <span class='ocrx_word' id='word_1_125' title='bbox 1303 1005 1433 1056; x_wconf 85' lang='lat' dir='ltr'><strong>Aug.¹‚</strong></span> <span class='ocrx_word' id='word_1_126' title='bbox 1459 1004 1466 1056; x_wconf 90' lang='grc' dir='ltr'>Ι</span> <span class='ocrx_word' id='word_1_127' title='bbox 1493 1003 1706 1044; x_wconf 86' lang='lat' dir='ltr'><strong>fortissimo</strong></span> <span class='ocrx_word' id='word_1_128' title='bbox 1737 1000 1744 1058; x_wconf 97' lang='grc' dir='ltr'>Ι</span> 
     </span>
    </p>

    <p class='ocr_par' dir='ltr' id='par_1_7' title="bbox 28 1068 1748 1536">
     <span class='ocr_line' id='line_1_14' title="bbox 34 1068 1743 1130; baseline -0.004 -13"><span class='ocrx_word' id='word_1_129' title='bbox 34 1076 219 1129; x_wconf 84' lang='lat' dir='ltr'><strong>principi,</strong></span> <span class='ocrx_word' id='word_1_130' title='bbox 241 1076 322 1116; x_wconf 87' lang='lat' dir='ltr'><strong>Fel.</strong></span> <span class='ocrx_word' id='word_1_131' title='bbox 344 1072 351 1129; x_wconf 96' lang='grc' dir='ltr'>Ι</span> <span class='ocrx_word' id='word_1_132' title='bbox 369 1075 522 1116; x_wconf 78' lang='lat' dir='ltr'><strong>Vivius²</strong></span> <span class='ocrx_word' id='word_1_133' title='bbox 537 1075 786 1130; x_wconf 54' lang='lat' dir='ltr'><strong>Beneldictus</strong></span> <span class='ocrx_word' id='word_1_134' title='bbox 803 1071 872 1129; x_wconf 77' lang='lat' dir='ltr'><strong>[v.³</strong></span> <span class='ocrx_word' id='word_1_135' title='bbox 881 1070 954 1128; x_wconf 81' lang='lat' dir='ltr'><strong>p.⁴]</strong></span> <span class='ocrx_word' id='word_1_136' title='bbox 975 1071 980 1128; x_wconf 98' lang='grc' dir='ltr'>Ι</span> <span class='ocrx_word' id='word_1_137' title='bbox 998 1086 1136 1126; x_wconf 86' lang='lat' dir='ltr'><strong>preses</strong></span> <span class='ocrx_word' id='word_1_138' title='bbox 1155 1086 1194 1126; x_wconf 88' lang='lat' dir='ltr'><strong>p.</strong></span> <span class='ocrx_word' id='word_1_139' title='bbox 1215 1072 1290 1121; x_wconf 50' lang='grc' dir='ltr'><strong>ΤΞ,</strong></span> <span class='ocrx_word' id='word_1_140' title='bbox 1311 1070 1478 1127; x_wconf 77' lang='grc' dir='ltr'>ηυΙωίηἰ</span> <span class='ocrx_word' id='word_1_141' title='bbox 1498 1068 1743 1125; x_wconf 72' lang='lat' dir='ltr'><strong>maiestaltiq.</strong></span> 
     </span>
     <span class='ocr_line' id='line_1_15' title="bbox 33 1141 532 1199; baseline -0.006 -14"><span class='ocrx_word' id='word_1_142' title='bbox 33 1145 133 1185; x_wconf 89' lang='lat' dir='ltr'><strong>eiius</strong></span> <span class='ocrx_word' id='word_1_143' title='bbox 161 1141 328 1199; x_wconf 70' lang='lat' dir='ltr'><strong>scmlper</strong></span> <span class='ocrx_word' id='word_1_144' title='bbox 357 1144 532 1184; x_wconf 86' lang='lat' dir='ltr'><strong>devotus.</strong></span> 
     </span>
     <span class='ocr_line' id='line_1_16' title="bbox 28 1205 1746 1258; baseline -0.004 -13"><span class='ocrx_word' id='word_1_145' title='bbox 28 1255 31 1258; x_wconf 18' lang='lat' dir='ltr'>y</span> <span class='ocrx_word' id='word_1_146' title='bbox 150 1211 276 1254; x_wconf 75' lang='lat' dir='ltr'><strong>Gigthi</strong></span> <span class='ocrx_word' id='word_1_147' title='bbox 298 1212 338 1243; x_wconf 92' lang='lat' dir='ltr'><strong>in</strong></span> <span class='ocrx_word' id='word_1_148' title='bbox 359 1221 426 1243; x_wconf 88' lang='lat' dir='ltr'><strong>ora</strong></span> <span class='ocrx_word' id='word_1_149' title='bbox 438 1211 650 1253; x_wconf 75' lang='lat' dir='ltr'><strong>provinciae</strong></span> <span class='ocrx_word' id='word_1_150' title='bbox 669 1208 915 1252; x_wconf 76' lang='lat' dir='ltr'><strong>Tripolitanae</strong></span> <span class='ocrx_word' id='word_1_151' title='bbox 935 1207 1043 1251; x_wconf 89' lang='lat' dir='ltr'><em>(VIII</em></span> <span class='ocrx_word' id='word_1_152' title='bbox 1054 1207 1171 1250; x_wconf 73' lang='lat'><strong><em>40489,</em></strong></span> <span class='ocrx_word' id='word_1_153' title='bbox 1194 1218 1310 1251; x_wconf 81' lang='lat' dir='ltr'><strong>nuper</strong></span> <span class='ocrx_word' id='word_1_154' title='bbox 1326 1208 1378 1240; x_wconf 82' lang='lat' dir='ltr'><strong>bis</strong></span> <span class='ocrx_word' id='word_1_155' title='bbox 1393 1206 1601 1250; x_wconf 80' lang='lat' dir='ltr'><strong>descripta).</strong></span> <span class='ocrx_word' id='word_1_156' title='bbox 1635 1205 1746 1239; x_wconf 84' lang='lat' dir='ltr'><em>Plane</em></span> 
     </span>
     <span class='ocr_line' id='line_1_17' title="bbox 34 1262 1746 1311; baseline -0.004 -10"><span class='ocrx_word' id='word_1_157' title='bbox 34 1268 155 1301; x_wconf 81' lang='lat' dir='ltr'><strong>eadem</strong></span> <span class='ocrx_word' id='word_1_158' title='bbox 177 1269 365 1311; x_wconf 77' lang='lat' dir='ltr'><strong>inscriptio</strong></span> <span class='ocrx_word' id='word_1_159' title='bbox 389 1268 536 1300; x_wconf 78' lang='lat' dir='ltr'><strong>eoetabat</strong></span> <span class='ocrx_word' id='word_1_160' title='bbox 557 1266 661 1310; x_wconf 82' lang='lat' dir='ltr'><strong>Lepti</strong></span> <span class='ocrx_word' id='word_1_161' title='bbox 683 1276 816 1308; x_wconf 78' lang='lat' dir='ltr'><strong>magna</strong></span> <span class='ocrx_word' id='word_1_162' title='bbox 839 1265 993 1298; x_wconf 83' lang='lat' dir='ltr'><strong>eiusdem</strong></span> <span class='ocrx_word' id='word_1_163' title='bbox 1015 1266 1225 1307; x_wconf 81' lang='lat' dir='ltr'><strong>provinciae</strong></span> <span class='ocrx_word' id='word_1_164' title='bbox 1248 1264 1358 1307; x_wconf 90' lang='lat' dir='ltr'><em>(VIII</em></span> <span class='ocrx_word' id='word_1_165' title='bbox 1373 1264 1417 1297; x_wconf 76' lang='lat'><strong>42</strong></span> <span class='ocrx_word' id='word_1_166' title='bbox 1440 1262 1548 1296; x_wconf 81' lang='lat' dir='ltr'><strong>semel</strong></span> <span class='ocrx_word' id='word_1_167' title='bbox 1568 1263 1746 1304; x_wconf 83' lang='lat' dir='ltr'><strong>descripta</strong></span> 
     </span>
     <span class='ocr_line' id='line_1_18' title="bbox 33 1320 1748 1368; baseline -0.004 -10"><span class='ocrx_word' id='word_1_168' title='bbox 33 1335 125 1358; x_wconf 86' lang='lat' dir='ltr'><strong>saec.</strong></span> <span class='ocrx_word' id='word_1_169' title='bbox 146 1324 296 1368; x_wconf 80' lang='lat' dir='ltr'><strong>XVHJ).</strong></span> <span class='ocrx_word' id='word_1_170' title='bbox 320 1342 365 1348; x_wconf 88' lang='lat'>—</span> <span class='ocrx_word' id='word_1_171' title='bbox 390 1325 423 1365; x_wconf 88' lang='lat'><strong>1)</strong></span> <span class='ocrx_word' id='word_1_172' title='bbox 446 1323 660 1364; x_wconf 77' lang='lat' dir='ltr'><strong>significari</strong></span> <span class='ocrx_word' id='word_1_173' title='bbox 685 1322 975 1356; x_wconf 78' lang='lat' dir='ltr'><strong>Valentinianum</strong></span> <span class='ocrx_word' id='word_1_174' title='bbox 1004 1323 1182 1354; x_wconf 85' lang='lat' dir='ltr'><strong>iuniorem</strong></span> <span class='ocrx_word' id='word_1_175' title='bbox 1215 1321 1371 1354; x_wconf 77' lang='lat' dir='ltr'><strong>ostendit</strong></span> <span class='ocrx_word' id='word_1_176' title='bbox 1400 1320 1524 1353; x_wconf 79' lang='lat' dir='ltr'><strong>divina</strong></span> <span class='ocrx_word' id='word_1_177' title='bbox 1553 1320 1673 1362; x_wconf 72' lang='lat' dir='ltr'><strong>stirps.</strong></span> <span class='ocrx_word' id='word_1_178' title='bbox 1701 1336 1748 1342; x_wconf 92' lang='lat'><strong>—</strong></span> 
     </span>
     <span class='ocr_line' id='line_1_19' title="bbox 35 1375 1747 1424; baseline -0.004 -9"><span class='ocrx_word' id='word_1_179' title='bbox 35 1382 69 1421; x_wconf 88' lang='grc'><strong>2)</strong></span> <span class='ocrx_word' id='word_1_180' title='bbox 92 1381 154 1415; x_wconf 83' lang='lat' dir='ltr'><strong>Sic</strong></span> <span class='ocrx_word' id='word_1_181' title='bbox 185 1381 434 1424; x_wconf 79' lang='lat' dir='ltr'><strong>apographum</strong></span> <span class='ocrx_word' id='word_1_182' title='bbox 455 1383 663 1423; x_wconf 83' lang='lat' dir='ltr'><strong>utrumque,</strong></span> <span class='ocrx_word' id='word_1_183' title='bbox 694 1378 718 1411; x_wconf 88' lang='lat' dir='ltr'>F</span> <span class='ocrx_word' id='word_1_184' title='bbox 720 1378 851 1412; x_wconf 88' lang='lat' dir='ltr'><strong>evivius</strong></span> <span class='ocrx_word' id='word_1_185' title='bbox 885 1379 1132 1421; x_wconf 78' lang='lat' dir='ltr'><strong>apographum</strong></span> <span class='ocrx_word' id='word_1_186' title='bbox 1166 1377 1297 1420; x_wconf 79' lang='lat' dir='ltr'><strong>lapidis</strong></span> <span class='ocrx_word' id='word_1_187' title='bbox 1315 1377 1462 1420; x_wconf 82' lang='lat' dir='ltr'><strong>gemelli</strong></span> <span class='ocrx_word' id='word_1_188' title='bbox 1483 1375 1677 1419; x_wconf 84' lang='lat' dir='ltr'><strong>Leptitani.</strong></span> <span class='ocrx_word' id='word_1_189' title='bbox 1701 1394 1747 1399; x_wconf 96' lang='lat'><strong>—</strong></span> 
     </span>
     <span class='ocr_line' id='line_1_20' title="bbox 35 1431 1747 1480; baseline -0.005 -8"><span class='ocrx_word' id='word_1_190' title='bbox 35 1438 70 1480; x_wconf 82' lang='lat'><strong>3)</strong></span> <span class='ocrx_word' id='word_1_191' title='bbox 93 1437 168 1471; x_wconf 71' lang='lat' dir='ltr'><strong>Vix</strong></span> <span class='ocrx_word' id='word_1_192' title='bbox 191 1438 250 1470; x_wconf 75' lang='lat' dir='ltr'><strong>liic</strong></span> <span class='ocrx_word' id='word_1_193' title='bbox 271 1436 485 1470; x_wconf 76' lang='lat' dir='ltr'><strong>Benedictus</strong></span> <span class='ocrx_word' id='word_1_194' title='bbox 508 1438 725 1469; x_wconf 81' lang='lat' dir='ltr'><strong>memoratus</strong></span> <span class='ocrx_word' id='word_1_195' title='bbox 748 1446 770 1467; x_wconf 91' lang='lat' dir='ltr'><strong>a</strong></span> <span class='ocrx_word' id='word_1_196' title='bbox 794 1435 1006 1478; x_wconf 77' lang='lat' dir='ltr'><strong>Symmacho</strong></span> <span class='ocrx_word' id='word_1_197' title='bbox 1032 1445 1084 1477; x_wconf 88' lang='lat' dir='ltr'><strong>ep.</strong></span> <span class='ocrx_word' id='word_1_198' title='bbox 1106 1436 1138 1477; x_wconf 76' lang='lat'><strong>4,</strong></span> <span class='ocrx_word' id='word_1_199' title='bbox 1153 1436 1211 1468; x_wconf 83' lang='lat'><strong>55.</strong></span> <span class='ocrx_word' id='word_1_200' title='bbox 1235 1436 1269 1476; x_wconf 88' lang='lat'><strong>9,</strong></span> <span class='ocrx_word' id='word_1_201' title='bbox 1284 1434 1315 1467; x_wconf 76' lang='grc'><strong>4.</strong></span> <span class='ocrx_word' id='word_1_202' title='bbox 1341 1453 1384 1458; x_wconf 86' lang='grc'>-</span> <span class='ocrx_word' id='word_1_203' title='bbox 1402 1436 1437 1475; x_wconf 90' lang='grc'><strong>4)</strong></span> <span class='ocrx_word' id='word_1_204' title='bbox 1460 1443 1493 1466; x_wconf 71' lang='lat' dir='ltr'><strong>V.</strong></span> <span class='ocrx_word' id='word_1_205' title='bbox 1512 1443 1545 1476; x_wconf 91' lang='lat' dir='ltr'><strong>p.</strong></span> <span class='ocrx_word' id='word_1_206' title='bbox 1571 1431 1645 1476; x_wconf 84' lang='lat' dir='ltr'><strong>(vir</strong></span> <span class='ocrx_word' id='word_1_207' title='bbox 1663 1442 1747 1475; x_wconf 90' lang='lat' dir='ltr'><strong>per-</strong></span> 
     </span>
     <span class='ocr_line' id='line_1_21' title="bbox 34 1490 1540 1536; baseline -0.003 -9"><span class='ocrx_word' id='word_1_208' title='bbox 34 1493 266 1536; x_wconf 75' lang='lat' dir='ltr'><strong>fectissimus)</strong></span> <span class='ocrx_word' id='word_1_209' title='bbox 291 1492 453 1535; x_wconf 76' lang='lat' dir='ltr'><strong>supplevi</strong></span> <span class='ocrx_word' id='word_1_210' title='bbox 475 1503 522 1525; x_wconf 71' lang='lat' dir='ltr'><strong>ex</strong></span> <span class='ocrx_word' id='word_1_211' title='bbox 545 1493 664 1535; x_wconf 86' lang='lat' dir='ltr'><strong>lapide</strong></span> <span class='ocrx_word' id='word_1_212' title='bbox 687 1492 891 1535; x_wconf 80' lang='lat' dir='ltr'><strong>Leptitana.</strong></span> <span class='ocrx_word' id='word_1_213' title='bbox 913 1510 959 1515; x_wconf 90' lang='lat'>—</span> <span class='ocrx_word' id='word_1_214' title='bbox 984 1492 1019 1529; x_wconf 86' lang='lat'><strong>4)</strong></span> <span class='ocrx_word' id='word_1_215' title='bbox 1043 1492 1255 1524; x_wconf 78' lang='lat' dir='ltr'><strong>Provinciae</strong></span> <span class='ocrx_word' id='word_1_216' title='bbox 1283 1490 1540 1532; x_wconf 78' lang='lat' dir='ltr'><strong>Tripolitanae.</strong></span> 
     </span>
    </p>
   </div>
   <div class='ocr_carea' id='block_1_6' title="bbox 758 1596 1031 1601">
    <p class='ocr_par' dir='ltr' id='par_1_8' title="bbox 758 1596 1031 1601">
     <span class='ocr_line' id='line_1_22' title="bbox 758 1596 1031 1601; baseline 0 0"><span class='ocrx_word' id='word_1_217' title='bbox 758 1596 1031 1601; x_wconf 95' lang='lat' dir='ltr'><strong> </strong></span> 
     </span>
    </p>
   </div>
   <div class='ocr_carea' id='block_1_7' title="bbox 35 1694 1763 2023">
    <p class='ocr_par' dir='ltr' id='par_1_9' title="bbox 35 1694 1763 2023">
     <span class='ocr_line' id='line_1_23' title="bbox 148 1694 1745 1759; baseline -0.002 -22"><span class='ocrx_word' id='word_1_218' title='bbox 148 1695 236 1742; x_wconf 68' lang='lat'><strong>&#39;780</strong></span> <span class='ocrx_word' id='word_1_219' title='bbox 282 1697 451 1750; x_wconf 74' lang='lat' dir='ltr'><strong>inclytae</strong></span> <span class='ocrx_word' id='word_1_220' title='bbox 493 1694 809 1751; x_wconf 77' lang='lat' dir='ltr'><strong>venerandelque</strong></span> <span class='ocrx_word' id='word_1_221' title='bbox 854 1697 1066 1736; x_wconf 86' lang='lat' dir='ltr'><strong>memoriae</strong></span> <span class='ocrx_word' id='word_1_222' title='bbox 1112 1697 1196 1736; x_wconf 88' lang='lat' dir='ltr'><strong>viro</strong></span> <span class='ocrx_word' id='word_1_223' title='bbox 1231 1695 1237 1749; x_wconf 95' lang='grc' dir='ltr'>Ι</span> <span class='ocrx_word' id='word_1_224' title='bbox 1272 1695 1404 1735; x_wconf 85' lang='lat' dir='ltr'><strong>Flavio</strong></span> <span class='ocrx_word' id='word_1_225' title='bbox 1440 1695 1661 1735; x_wconf 89' lang='lat' dir='ltr'><strong>Theodosio</strong></span> <span class='ocrx_word' id='word_1_226' title='bbox 1671 1695 1697 1743; x_wconf 84' lang='lat'><strong>¹,</strong></span> <span class='ocrx_word' id='word_1_227' title='bbox 1739 1701 1745 1759; x_wconf 78' lang='grc' dir='ltr'>Ι</span> 
     </span>
     <span class='ocr_line' id='line_1_24' title="bbox 35 1762 1747 1819; baseline -0.003 -12"><span class='ocrx_word' id='word_1_228' title='bbox 35 1765 207 1819; x_wconf 82' lang='lat' dir='ltr'><strong>genitori</strong></span> <span class='ocrx_word' id='word_1_229' title='bbox 231 1765 380 1805; x_wconf 87' lang='lat' dir='ltr'><strong>domini</strong></span> <span class='ocrx_word' id='word_1_230' title='bbox 405 1763 412 1816; x_wconf 91' lang='grc' dir='ltr'>Ι</span> <span class='ocrx_word' id='word_1_231' title='bbox 439 1765 564 1805; x_wconf 85' lang='lat' dir='ltr'><strong>nostri</strong></span> <span class='ocrx_word' id='word_1_232' title='bbox 594 1764 836 1804; x_wconf 86' lang='lat' dir='ltr'><strong>invictissimi</strong></span> <span class='ocrx_word' id='word_1_233' title='bbox 863 1763 870 1818; x_wconf 91' lang='grc' dir='ltr'>Ι</span> <span class='ocrx_word' id='word_1_234' title='bbox 895 1765 1161 1817; x_wconf 89' lang='lat' dir='ltr'><strong>perennisque</strong></span> <span class='ocrx_word' id='word_1_235' title='bbox 1181 1763 1377 1816; x_wconf 84' lang='lat' dir='ltr'><strong>principis</strong></span> <span class='ocrx_word' id='word_1_236' title='bbox 1402 1762 1409 1817; x_wconf 98' lang='grc' dir='ltr'>Ι</span> <span class='ocrx_word' id='word_1_237' title='bbox 1436 1762 1632 1803; x_wconf 87' lang='lat' dir='ltr'><strong>Theodosi</strong></span> <span class='ocrx_word' id='word_1_238' title='bbox 1653 1775 1747 1815; x_wconf 91' lang='lat' dir='ltr'><strong>per-</strong></span> 
     </span>
     <span class='ocr_line' id='line_1_25' title="bbox 36 1829 1763 1888; baseline -0.002 -13"><span class='ocrx_word' id='word_1_239' title='bbox 36 1834 146 1888; x_wconf 87' lang='lat' dir='ltr'><strong>petui</strong></span> <span class='ocrx_word' id='word_1_240' title='bbox 170 1835 284 1884; x_wconf 65' lang='lat' dir='ltr'><strong>Aug„</strong></span> <span class='ocrx_word' id='word_1_241' title='bbox 310 1830 318 1885; x_wconf 97' lang='grc' dir='ltr'>Ι</span> <span class='ocrx_word' id='word_1_242' title='bbox 343 1833 456 1872; x_wconf 91' lang='lat' dir='ltr'><strong>cuius</strong></span> <span class='ocrx_word' id='word_1_243' title='bbox 484 1833 627 1872; x_wconf 83' lang='lat' dir='ltr'><strong>virtute</strong></span> <span class='ocrx_word' id='word_1_244' title='bbox 657 1829 854 1887; x_wconf 67' lang='lat' dir='ltr'><strong>felicitalte</strong></span> <span class='ocrx_word' id='word_1_245' title='bbox 884 1832 1028 1872; x_wconf 85' lang='lat' dir='ltr'><strong>iustitia</strong></span> <span class='ocrx_word' id='word_1_246' title='bbox 1061 1839 1099 1872; x_wconf 89' lang='lat' dir='ltr'><strong>et</strong></span> <span class='ocrx_word' id='word_1_247' title='bbox 1128 1831 1382 1885; x_wconf 67' lang='lat' dir='ltr'><strong>propagaltus</strong></span> <span class='ocrx_word' id='word_1_248' title='bbox 1410 1837 1608 1871; x_wconf 90' lang='lat' dir='ltr'><strong>terrarum</strong></span> <span class='ocrx_word' id='word_1_249' title='bbox 1639 1830 1763 1872; x_wconf 88' lang='lat' dir='ltr'><strong>orbis.</strong></span> 
     </span>
     <span class='ocr_line' id='line_1_26' title="bbox 37 1898 1746 1954; baseline -0.001 -13"><span class='ocrx_word' id='word_1_250' title='bbox 37 1908 77 1941; x_wconf 89' lang='lat' dir='ltr'><strong>et</strong></span> <span class='ocrx_word' id='word_1_251' title='bbox 101 1900 108 1954; x_wconf 95' lang='grc' dir='ltr'>Ι</span> <span class='ocrx_word' id='word_1_252' title='bbox 134 1906 323 1949; x_wconf 87' lang='lat' dir='ltr'><strong>retentus,</strong></span> <span class='ocrx_word' id='word_1_253' title='bbox 356 1907 521 1941; x_wconf 82' lang='lat' dir='ltr'><strong>statuam</strong></span> <span class='ocrx_word' id='word_1_254' title='bbox 548 1899 555 1954; x_wconf 97' lang='grc' dir='ltr'>Ι</span> <span class='ocrx_word' id='word_1_255' title='bbox 582 1907 804 1953; x_wconf 86' lang='lat' dir='ltr'><strong>equestrem</strong></span> <span class='ocrx_word' id='word_1_256' title='bbox 836 1899 1097 1951; x_wconf 59' lang='lat' dir='ltr'><strong>subauraltam</strong></span> <span class='ocrx_word' id='word_1_257' title='bbox 1127 1900 1243 1953; x_wconf 86' lang='lat' dir='ltr'><strong>Apuli</strong></span> <span class='ocrx_word' id='word_1_258' title='bbox 1274 1906 1313 1940; x_wconf 89' lang='lat' dir='ltr'><strong>et</strong></span> <span class='ocrx_word' id='word_1_259' title='bbox 1342 1899 1494 1940; x_wconf 86' lang='lat' dir='ltr'><strong>Calabri</strong></span> <span class='ocrx_word' id='word_1_260' title='bbox 1520 1898 1527 1954; x_wconf 97' lang='grc' dir='ltr'>Ι</span> <span class='ocrx_word' id='word_1_261' title='bbox 1552 1912 1626 1952; x_wconf 91' lang='lat' dir='ltr'><strong>pro</strong></span> <span class='ocrx_word' id='word_1_262' title='bbox 1655 1906 1746 1939; x_wconf 75' lang='lat' dir='ltr'><strong>voto</strong></span> 
     </span>
     <span class='ocr_line' id='line_1_27' title="bbox 37 1964 1746 2023; baseline -0.001 -14"><span class='ocrx_word' id='word_1_263' title='bbox 37 1975 76 2009; x_wconf 89' lang='lat' dir='ltr'><strong>et</strong></span> <span class='ocrx_word' id='word_1_264' title='bbox 105 1964 324 2021; x_wconf 66' lang='lat' dir='ltr'><strong>devotiolne</strong></span> <span class='ocrx_word' id='word_1_265' title='bbox 348 1975 582 2021; x_wconf 85' lang='lat' dir='ltr'><strong>posuerunt,</strong></span> <span class='ocrx_word' id='word_1_266' title='bbox 609 1967 615 2021; x_wconf 97' lang='grc' dir='ltr'>Ι</span> <span class='ocrx_word' id='word_1_267' title='bbox 641 1975 806 2008; x_wconf 84' lang='lat' dir='ltr'><strong>curante</strong></span> <span class='ocrx_word' id='word_1_268' title='bbox 827 1981 872 2009; x_wconf 89' lang='lat' dir='ltr'><strong>ac</strong></span> <span class='ocrx_word' id='word_1_269' title='bbox 892 1965 1134 2023; x_wconf 72' lang='lat' dir='ltr'><strong>perficienlte</strong></span> <span class='ocrx_word' id='word_1_270' title='bbox 1154 1968 1286 2008; x_wconf 86' lang='lat' dir='ltr'><strong>Flavio</strong></span> <span class='ocrx_word' id='word_1_271' title='bbox 1307 1968 1503 2009; x_wconf 81' lang='lat' dir='ltr'><strong>Sexione²</strong></span> <span class='ocrx_word' id='word_1_272' title='bbox 1519 1966 1525 2022; x_wconf 97' lang='grc' dir='ltr'>Ι</span> <span class='ocrx_word' id='word_1_273' title='bbox 1541 1968 1625 2007; x_wconf 85' lang='lat' dir='ltr'><strong>viro</strong></span> <span class='ocrx_word' id='word_1_274' title='bbox 1655 1980 1746 2020; x_wconf 90' lang='lat' dir='ltr'><strong>per-</strong></span> 
     </span>
    </p>
   </div>
   <div class='ocr_carea' id='block_1_8' title="bbox 38 2034 1079 2089">
    <p class='ocr_par' dir='ltr' id='par_1_10' title="bbox 38 2034 1079 2089">
     <span class='ocr_line' id='line_1_28' title="bbox 38 2034 1079 2089; baseline -0.001 -13"><span class='ocrx_word' id='word_1_275' title='bbox 38 2036 264 2084; x_wconf 82' lang='lat' dir='ltr'><strong>fectissimo,</strong></span> <span class='ocrx_word' id='word_1_276' title='bbox 290 2034 296 2088; x_wconf 97' lang='grc' dir='ltr'>Ι</span> <span class='ocrx_word' id='word_1_277' title='bbox 323 2042 548 2076; x_wconf 84' lang='lat' dir='ltr'><strong>correctore</strong></span> <span class='ocrx_word' id='word_1_278' title='bbox 576 2036 740 2088; x_wconf 86' lang='lat' dir='ltr'><strong>Apuliae</strong></span> <span class='ocrx_word' id='word_1_279' title='bbox 766 2035 772 2089; x_wconf 92' lang='grc' dir='ltr'>Ι</span> <span class='ocrx_word' id='word_1_280' title='bbox 799 2043 837 2076; x_wconf 90' lang='lat' dir='ltr'><strong>et</strong></span> <span class='ocrx_word' id='word_1_281' title='bbox 866 2036 1079 2077; x_wconf 89' lang='lat' dir='ltr'><strong>Calabriae.</strong></span> 
     </span>
    </p>
   </div>
   <div class='ocr_carea' id='block_1_9' title="bbox 36 2101 1746 2259">
    <p class='ocr_par' dir='ltr' id='par_1_11' title="bbox 36 2101 1746 2259">
     <span class='ocr_line' id='line_1_29' title="bbox 152 2101 1746 2147; baseline -0.001 -11"><span class='ocrx_word' id='word_1_282' title='bbox 152 2102 299 2136; x_wconf 78' lang='lat' dir='ltr'><strong>Canusii</strong></span> <span class='ocrx_word' id='word_1_283' title='bbox 331 2101 399 2145; x_wconf 87' lang='lat' dir='ltr'><strong>(IX</strong></span> <span class='ocrx_word' id='word_1_284' title='bbox 417 2103 490 2136; x_wconf 93' lang='lat'><strong>355</strong></span> <span class='ocrx_word' id='word_1_285' title='bbox 512 2102 605 2135; x_wconf 87' lang='lat' dir='ltr'><strong>vidit</strong></span> <span class='ocrx_word' id='word_1_286' title='bbox 627 2103 846 2147; x_wconf 82' lang='lat' dir='ltr'><strong>Mommsen).</strong></span> <span class='ocrx_word' id='word_1_287' title='bbox 871 2122 917 2127; x_wconf 89' lang='lat'>—</span> <span class='ocrx_word' id='word_1_288' title='bbox 943 2105 974 2144; x_wconf 89' lang='lat'><strong>1)</strong></span> <span class='ocrx_word' id='word_1_289' title='bbox 1003 2102 1218 2136; x_wconf 72' lang='lat' dir='ltr'><strong>Theodosius</strong></span> <span class='ocrx_word' id='word_1_290' title='bbox 1244 2106 1354 2146; x_wconf 83' lang='lat' dir='ltr'><strong>pater</strong></span> <span class='ocrx_word' id='word_1_291' title='bbox 1379 2102 1567 2136; x_wconf 76' lang='lat' dir='ltr'><strong>Theodosii</strong></span> <span class='ocrx_word' id='word_1_292' title='bbox 1594 2105 1746 2145; x_wconf 85' lang='lat' dir='ltr'><strong>impera-</strong></span> 
     </span>
     <span class='ocr_line' id='line_1_30' title="bbox 37 2159 1745 2202; baseline -0.002 -9"><span class='ocrx_word' id='word_1_293' title='bbox 37 2161 127 2193; x_wconf 81' lang='lat' dir='ltr'><strong>toris</strong></span> <span class='ocrx_word' id='word_1_294' title='bbox 156 2169 259 2201; x_wconf 88' lang='lat' dir='ltr'><strong>saepe</strong></span> <span class='ocrx_word' id='word_1_295' title='bbox 289 2160 507 2191; x_wconf 84' lang='lat' dir='ltr'><strong>memoratur</strong></span> <span class='ocrx_word' id='word_1_296' title='bbox 537 2159 636 2201; x_wconf 87' lang='lat' dir='ltr'><strong>apud</strong></span> <span class='ocrx_word' id='word_1_297' title='bbox 665 2160 894 2192; x_wconf 81' lang='lat' dir='ltr'><strong>Ammianum</strong></span> <span class='ocrx_word' id='word_1_298' title='bbox 922 2163 1073 2202; x_wconf 81' lang='lat' dir='ltr'><strong>propter</strong></span> <span class='ocrx_word' id='word_1_299' title='bbox 1104 2171 1162 2193; x_wconf 86' lang='lat' dir='ltr'><strong>res</strong></span> <span class='ocrx_word' id='word_1_300' title='bbox 1190 2162 1311 2202; x_wconf 82' lang='lat' dir='ltr'><strong>gestas</strong></span> <span class='ocrx_word' id='word_1_301' title='bbox 1343 2162 1382 2192; x_wconf 88' lang='lat' dir='ltr'><strong>in</strong></span> <span class='ocrx_word' id='word_1_302' title='bbox 1412 2159 1607 2193; x_wconf 83' lang='lat' dir='ltr'><strong>Britannia</strong></span> <span class='ocrx_word' id='word_1_303' title='bbox 1641 2161 1675 2191; x_wconf 89' lang='lat' dir='ltr'><strong>et</strong></span> <span class='ocrx_word' id='word_1_304' title='bbox 1707 2160 1745 2191; x_wconf 87' lang='lat' dir='ltr'><strong>in</strong></span> 
     </span>
     <span class='ocr_line' id='line_1_31' title="bbox 36 2214 1746 2259; baseline -0.001 -10"><span class='ocrx_word' id='word_1_305' title='bbox 36 2214 186 2256; x_wconf 77' lang='lat' dir='ltr'><strong>Afriea;</strong></span> <span class='ocrx_word' id='word_1_306' title='bbox 211 2216 346 2248; x_wconf 76' lang='lat' dir='ltr'><strong>occisus</strong></span> <span class='ocrx_word' id='word_1_307' title='bbox 369 2217 430 2256; x_wconf 85' lang='lat' dir='ltr'><strong>est,</strong></span> <span class='ocrx_word' id='word_1_308' title='bbox 455 2217 540 2247; x_wconf 83' lang='lat' dir='ltr'><strong>teste</strong></span> <span class='ocrx_word' id='word_1_309' title='bbox 564 2215 783 2259; x_wconf 74' lang='lat' dir='ltr'><strong>Hieronymo</strong></span> <span class='ocrx_word' id='word_1_310' title='bbox 807 2217 940 2259; x_wconf 67' lang='lat' dir='ltr'><strong>chron„</strong></span> <span class='ocrx_word' id='word_1_311' title='bbox 965 2227 997 2250; x_wconf 85' lang='lat' dir='ltr'><strong>a.</strong></span> <span class='ocrx_word' id='word_1_312' title='bbox 1020 2217 1098 2250; x_wconf 85' lang='lat'><strong>576.</strong></span> <span class='ocrx_word' id='word_1_313' title='bbox 1122 2235 1168 2241; x_wconf 98' lang='lat'><strong>—</strong></span> <span class='ocrx_word' id='word_1_314' title='bbox 1193 2217 1227 2258; x_wconf 86' lang='lat'><strong>2)</strong></span> <span class='ocrx_word' id='word_1_315' title='bbox 1254 2214 1306 2255; x_wconf 60' lang='lat' dir='ltr'><strong>Cf:</strong></span> <span class='ocrx_word' id='word_1_316' title='bbox 1333 2216 1535 2259; x_wconf 75' lang='lat' dir='ltr'><strong>Symmach.</strong></span> <span class='ocrx_word' id='word_1_317' title='bbox 1559 2225 1612 2257; x_wconf 87' lang='lat' dir='ltr'><strong>ep.</strong></span> <span class='ocrx_word' id='word_1_318' title='bbox 1636 2216 1672 2255; x_wconf 80' lang='lat'><strong>2,</strong></span> <span class='ocrx_word' id='word_1_319' title='bbox 1690 2216 1746 2248; x_wconf 80' lang='grc'><strong>43.</strong></span> 
     </span>
    </p>
   </div>
   <div class='ocr_carea' id='block_1_10' title="bbox 38 2315 1746 2508">
    <p class='ocr_par' dir='ltr' id='par_1_12' title="bbox 38 2315 1746 2508">
     <span class='ocr_line' id='line_1_32' title="bbox 150 2315 1746 2370; baseline 0 -13"><span class='ocrx_word' id='word_1_320' title='bbox 150 2315 233 2363; x_wconf 81' lang='grc'>’781</span> <span class='ocrx_word' id='word_1_321' title='bbox 278 2318 536 2370; x_wconf 88' lang='lat' dir='ltr'><strong>imperatores</strong></span> <span class='ocrx_word' id='word_1_322' title='bbox 557 2317 740 2358; x_wconf 89' lang='lat' dir='ltr'><strong>Caesares</strong></span> <span class='ocrx_word' id='word_1_323' title='bbox 769 2319 858 2358; x_wconf 88' lang='lat' dir='ltr'><strong>ddd.</strong></span> <span class='ocrx_word' id='word_1_324' title='bbox 881 2332 981 2359; x_wconf 88' lang='lat' dir='ltr'><strong>nnn.</strong></span> <span class='ocrx_word' id='word_1_325' title='bbox 1004 2319 1213 2358; x_wconf 86' lang='lat' dir='ltr'><strong>Gratianus</strong></span> <span class='ocrx_word' id='word_1_326' title='bbox 1233 2318 1534 2359; x_wconf 88' lang='lat' dir='ltr'><strong>Valentinianus</strong></span> <span class='ocrx_word' id='word_1_327' title='bbox 1557 2325 1597 2359; x_wconf 89' lang='lat' dir='ltr'><strong>et</strong></span> <span class='ocrx_word' id='word_1_328' title='bbox 1616 2318 1746 2358; x_wconf 90' lang='lat' dir='ltr'><strong>Theo-</strong></span> 
     </span>
     <span class='ocr_line' id='line_1_33' title="bbox 38 2386 1746 2439; baseline 0.001 -12"><span class='ocrx_word' id='word_1_329' title='bbox 38 2386 193 2427; x_wconf 90' lang='lat' dir='ltr'><strong>dosius¹</strong></span> <span class='ocrx_word' id='word_1_330' title='bbox 231 2386 285 2439; x_wconf 90' lang='lat' dir='ltr'><strong>pii</strong></span> <span class='ocrx_word' id='word_1_331' title='bbox 323 2386 455 2426; x_wconf 87' lang='lat' dir='ltr'><strong>felices</strong></span> <span class='ocrx_word' id='word_1_332' title='bbox 495 2397 652 2438; x_wconf 86' lang='lat' dir='ltr'><strong>semper</strong></span> <span class='ocrx_word' id='word_1_333' title='bbox 679 2386 830 2438; x_wconf 84' lang='lat' dir='ltr'><strong>Auggg.</strong></span> <span class='ocrx_word' id='word_1_334' title='bbox 869 2399 1005 2426; x_wconf 89' lang='lat' dir='ltr'><strong>arcum</strong></span> <span class='ocrx_word' id='word_1_335' title='bbox 1044 2386 1090 2425; x_wconf 88' lang='lat' dir='ltr'><strong>ad</strong></span> <span class='ocrx_word' id='word_1_336' title='bbox 1131 2386 1450 2426; x_wconf 89' lang='lat' dir='ltr'><strong>concludendum</strong></span> <span class='ocrx_word' id='word_1_337' title='bbox 1488 2398 1589 2438; x_wconf 91' lang='lat' dir='ltr'><strong>opus</strong></span> <span class='ocrx_word' id='word_1_338' title='bbox 1627 2398 1746 2428; x_wconf 90' lang='lat' dir='ltr'><strong>omne</strong></span> 
     </span>
     <span class='ocr_line' id='line_1_34' title="bbox 38 2453 1745 2508; baseline 0.001 -15"><span class='ocrx_word' id='word_1_339' title='bbox 38 2453 264 2506; x_wconf 86' lang='lat' dir='ltr'><strong>porticuum</strong></span> <span class='ocrx_word' id='word_1_340' title='bbox 295 2453 552 2494; x_wconf 82' lang='lat' dir='ltr'><strong>maximarum</strong></span> <span class='ocrx_word' id='word_1_341' title='bbox 584 2453 734 2492; x_wconf 89' lang='lat' dir='ltr'><strong>aeterni</strong></span> <span class='ocrx_word' id='word_1_342' title='bbox 771 2454 944 2494; x_wconf 91' lang='lat' dir='ltr'><strong>nominis</strong></span> <span class='ocrx_word' id='word_1_343' title='bbox 975 2454 1035 2494; x_wconf 90' lang='lat' dir='ltr'><strong>sui</strong></span> <span class='ocrx_word' id='word_1_344' title='bbox 1064 2454 1235 2506; x_wconf 87' lang='lat' dir='ltr'><strong>pecunia</strong></span> <span class='ocrx_word' id='word_1_345' title='bbox 1264 2453 1424 2506; x_wconf 86' lang='lat' dir='ltr'><strong>propria</strong></span> <span class='ocrx_word' id='word_1_346' title='bbox 1454 2454 1541 2494; x_wconf 86' lang='lat' dir='ltr'><strong>fieri</strong></span> <span class='ocrx_word' id='word_1_347' title='bbox 1571 2455 1745 2508; x_wconf 90' lang='lat' dir='ltr'><strong>ornariq.</strong></span> 
     </span>
    </p>
   </div>
   <div class='ocr_carea' id='block_1_11' title="bbox 38 2521 251 2561">
    <p class='ocr_par' dir='ltr' id='par_1_13' title="bbox 38 2521 251 2561">
     <span class='ocr_line' id='line_1_35' title="bbox 38 2521 251 2561; baseline -0.005 0"><span class='ocrx_word' id='word_1_348' title='bbox 38 2521 251 2561; x_wconf 83' lang='lat' dir='ltr'><strong>iusserunt.</strong></span> 
     </span>
    </p>
   </div>
   <div class='ocr_carea' id='block_1_12' title="bbox 38 2582 1747 2790">
    <p class='ocr_par' dir='ltr' id='par_1_14' title="bbox 38 2582 1747 2790">
     <span class='ocr_line' id='line_1_36' title="bbox 153 2582 1746 2633; baseline 0.001 -12"><span class='ocrx_word' id='word_1_349' title='bbox 153 2586 284 2621; x_wconf 78' lang='lat' dir='ltr'><strong>Romae</strong></span> <span class='ocrx_word' id='word_1_350' title='bbox 309 2582 366 2620; x_wconf 80' lang='lat' dir='ltr'><strong>‘in</strong></span> <span class='ocrx_word' id='word_1_351' title='bbox 390 2598 477 2620; x_wconf 79' lang='lat' dir='ltr'><strong>arcu</strong></span> <span class='ocrx_word' id='word_1_352' title='bbox 501 2588 668 2630; x_wconf 78' lang='lat' dir='ltr'><strong>prooeimo</strong></span> <span class='ocrx_word' id='word_1_353' title='bbox 693 2588 798 2628; x_wconf 83' lang='lat' dir='ltr'><strong>ponti</strong></span> <span class='ocrx_word' id='word_1_354' title='bbox 820 2588 918 2620; x_wconf 82' lang='lat' dir='ltr'><strong>Petri</strong></span> <span class='ocrx_word' id='word_1_355' title='bbox 925 2582 934 2597; x_wconf 90' lang='lat'><em>&#39;</em></span> <span class='ocrx_word' id='word_1_356' title='bbox 960 2588 1146 2631; x_wconf 82' lang='lat' dir='ltr'><strong>descripsit</strong></span> <span class='ocrx_word' id='word_1_357' title='bbox 1169 2591 1297 2621; x_wconf 82' lang='lat' dir='ltr'><strong>auctor</strong></span> <span class='ocrx_word' id='word_1_358' title='bbox 1318 2588 1479 2633; x_wconf 75' lang='lat' dir='ltr'><strong>syllogae</strong></span> <span class='ocrx_word' id='word_1_359' title='bbox 1501 2592 1658 2622; x_wconf 82' lang='lat' dir='ltr'><strong>vetustae</strong></span> <span class='ocrx_word' id='word_1_360' title='bbox 1682 2589 1746 2633; x_wconf 73' lang='lat' dir='ltr'><strong>(cs.</strong></span> 
     </span>
     <span class='ocr_line' id='line_1_37' title="bbox 39 2642 1747 2689; baseline 0.002 -13"><span class='ocrx_word' id='word_1_361' title='bbox 39 2653 150 2686; x_wconf 84' lang='lat' dir='ltr'><strong>supra</strong></span> <span class='ocrx_word' id='word_1_362' title='bbox 171 2654 208 2686; x_wconf 90' lang='lat' dir='ltr'><strong>p.</strong></span> <span class='ocrx_word' id='word_1_363' title='bbox 223 2644 271 2676; x_wconf 83' lang='lat'><strong>28</strong></span> <span class='ocrx_word' id='word_1_364' title='bbox 294 2644 342 2676; x_wconf 90' lang='lat' dir='ltr'><strong>ad</strong></span> <span class='ocrx_word' id='word_1_365' title='bbox 357 2643 402 2677; x_wconf 88' lang='lat' dir='ltr'><strong>N.</strong></span> <span class='ocrx_word' id='word_1_366' title='bbox 419 2644 496 2685; x_wconf 72' lang='lat'><strong><em>107)</em></strong></span> <span class='ocrx_word' id='word_1_367' title='bbox 519 2643 651 2676; x_wconf 79' lang='lat' dir='ltr'><strong>codicis</strong></span> <span class='ocrx_word' id='word_1_368' title='bbox 667 2642 919 2675; x_wconf 80' lang='lat' dir='ltr'><strong>Esinsidlensis</strong></span> <span class='ocrx_word' id='word_1_369' title='bbox 937 2643 1007 2686; x_wconf 91' lang='lat' dir='ltr'><strong>(VI</strong></span> <span class='ocrx_word' id='word_1_370' title='bbox 1019 2644 1130 2688; x_wconf 73' lang='lat'><strong>4184).</strong></span> <span class='ocrx_word' id='word_1_371' title='bbox 1147 2664 1191 2669; x_wconf 90' lang='lat'><strong>-—</strong></span> <span class='ocrx_word' id='word_1_372' title='bbox 1212 2644 1323 2678; x_wconf 83' lang='lat' dir='ltr'><strong>Tituli</strong></span> <span class='ocrx_word' id='word_1_373' title='bbox 1346 2646 1404 2678; x_wconf 80' lang='lat' dir='ltr'><strong>hic</strong></span> <span class='ocrx_word' id='word_1_374' title='bbox 1428 2648 1463 2678; x_wconf 88' lang='lat' dir='ltr'><strong>et</strong></span> <span class='ocrx_word' id='word_1_375' title='bbox 1486 2645 1530 2678; x_wconf 83' lang='lat' dir='ltr'><strong>N.</strong></span> <span class='ocrx_word' id='word_1_376' title='bbox 1546 2646 1613 2679; x_wconf 82' lang='lat'><strong>782</strong></span> <span class='ocrx_word' id='word_1_377' title='bbox 1634 2649 1747 2689; x_wconf 84' lang='lat' dir='ltr'><strong>positi</strong></span> 
     </span>
     <span class='ocr_line' id='line_1_38' title="bbox 38 2699 1747 2745; baseline 0.002 -13"><span class='ocrx_word' id='word_1_378' title='bbox 38 2700 135 2732; x_wconf 79' lang='lat' dir='ltr'><strong>inter</strong></span> <span class='ocrx_word' id='word_1_379' title='bbox 150 2710 284 2732; x_wconf 90' lang='lat' dir='ltr'><strong>annum</strong></span> <span class='ocrx_word' id='word_1_380' title='bbox 299 2701 377 2742; x_wconf 88' lang='lat'><strong><em>579,</em></strong></span> <span class='ocrx_word' id='word_1_381' title='bbox 402 2710 471 2743; x_wconf 84' lang='lat' dir='ltr'><strong>quo</strong></span> <span class='ocrx_word' id='word_1_382' title='bbox 491 2699 706 2733; x_wconf 78' lang='lat' dir='ltr'><strong>Theodosius</strong></span> <span class='ocrx_word' id='word_1_383' title='bbox 721 2701 918 2742; x_wconf 85' lang='lat' dir='ltr'><strong>imperator</strong></span> <span class='ocrx_word' id='word_1_384' title='bbox 932 2699 1136 2734; x_wconf 79' lang='lat' dir='ltr'><strong>declaratus</strong></span> <span class='ocrx_word' id='word_1_385' title='bbox 1152 2704 1213 2743; x_wconf 85' lang='lat' dir='ltr'><strong>est,</strong></span> <span class='ocrx_word' id='word_1_386' title='bbox 1237 2705 1270 2734; x_wconf 86' lang='lat' dir='ltr'><strong>et</strong></span> <span class='ocrx_word' id='word_1_387' title='bbox 1287 2712 1319 2735; x_wconf 92' lang='lat' dir='ltr'><strong>a.</strong></span> <span class='ocrx_word' id='word_1_388' title='bbox 1335 2703 1419 2745; x_wconf 86' lang='lat'><strong><em>585,</em></strong></span> <span class='ocrx_word' id='word_1_389' title='bbox 1442 2712 1512 2745; x_wconf 80' lang='lat' dir='ltr'><strong>quo</strong></span> <span class='ocrx_word' id='word_1_390' title='bbox 1536 2701 1747 2741; x_wconf 77' lang='lat' dir='ltr'><strong>interfectus</strong></span> 
     </span>
     <span class='ocr_line' id='line_1_39' title="bbox 40 2754 319 2790; baseline 0.004 -2"><span class='ocrx_word' id='word_1_391' title='bbox 40 2758 92 2788; x_wconf 87' lang='lat' dir='ltr'><strong>est</strong></span> <span class='ocrx_word' id='word_1_392' title='bbox 115 2754 319 2790; x_wconf 75' lang='lat' dir='ltr'><strong>Gratianus.</strong></span> 
     </span>
    </p>
   </div>
   <div class='ocr_carea' id='block_1_13' title="bbox 153 2856 1744 2913">
    <p class='ocr_par' dir='ltr' id='par_1_15' title="bbox 153 2856 1744 2913">
     <span class='ocr_line' id='line_1_40' title="bbox 153 2856 1744 2913; baseline 0 -13"><span class='ocrx_word' id='word_1_393' title='bbox 153 2856 239 2902; x_wconf 76' lang='grc'><strong>782</strong></span> <span class='ocrx_word' id='word_1_394' title='bbox 282 2859 450 2900; x_wconf 82' lang='lat' dir='ltr'><strong>dominis</strong></span> <span class='ocrx_word' id='word_1_395' title='bbox 471 2860 646 2899; x_wconf 88' lang='lat' dir='ltr'><strong>omnium</strong></span> <span class='ocrx_word' id='word_1_396' title='bbox 670 2858 854 2898; x_wconf 79' lang='lat' dir='ltr'><strong>Gratiano</strong></span> <span class='ocrx_word' id='word_1_397' title='bbox 876 2859 1149 2901; x_wconf 87' lang='lat' dir='ltr'><strong>Valentiniano</strong></span> <span class='ocrx_word' id='word_1_398' title='bbox 1175 2868 1213 2902; x_wconf 87' lang='lat' dir='ltr'><strong>et</strong></span> <span class='ocrx_word' id='word_1_399' title='bbox 1235 2862 1455 2901; x_wconf 84' lang='lat' dir='ltr'><strong>Theodosio</strong></span> <span class='ocrx_word' id='word_1_400' title='bbox 1478 2861 1744 2913; x_wconf 81' lang='lat' dir='ltr'><strong>imperatorib.</strong></span> 
     </span>
    </p>
   </div>
   <div class='ocr_carea' id='block_1_14' title="bbox 42 2921 1744 3036">
    <p class='ocr_par' dir='ltr' id='par_1_16' title="bbox 42 2921 1744 3036">
     <span class='ocr_line' id='line_1_41' title="bbox 42 2921 1744 2983; baseline 0.003 -19"><span class='ocrx_word' id='word_1_401' title='bbox 42 2921 257 2980; x_wconf 78' lang='lat' dir='ltr'><strong>Aug[ustis]</strong></span> <span class='ocrx_word' id='word_1_402' title='bbox 287 2924 293 2981; x_wconf 97' lang='grc' dir='ltr'>Ι</span> <span class='ocrx_word' id='word_1_403' title='bbox 318 2926 362 2966; x_wconf 93' lang='lat' dir='ltr'><strong>L.</strong></span> <span class='ocrx_word' id='word_1_404' title='bbox 380 2926 459 2966; x_wconf 86' lang='lat' dir='ltr'><strong>Val.</strong></span> <span class='ocrx_word' id='word_1_405' title='bbox 482 2927 589 2979; x_wconf 86' lang='lat' dir='ltr'><strong>Sept.</strong></span> <span class='ocrx_word' id='word_1_406' title='bbox 612 2923 782 2983; x_wconf 79' lang='lat' dir='ltr'><strong>Bass[ns]</strong></span> <span class='ocrx_word' id='word_1_407' title='bbox 804 2940 837 2966; x_wconf 79' lang='lat' dir='ltr'><strong>v.</strong></span> <span class='ocrx_word' id='word_1_408' title='bbox 859 2939 907 2974; x_wconf 71' lang='lat' dir='ltr'><strong>c..</strong></span> <span class='ocrx_word' id='word_1_409' title='bbox 939 2929 1060 2980; x_wconf 86' lang='lat' dir='ltr'><strong>praef.</strong></span> <span class='ocrx_word' id='word_1_410' title='bbox 1083 2929 1185 2977; x_wconf 67' lang='lat' dir='ltr'><strong>urb..</strong></span> <span class='ocrx_word' id='word_1_411' title='bbox 1218 2929 1408 2969; x_wconf 83' lang='lat' dir='ltr'><strong>maiestati</strong></span> <span class='ocrx_word' id='word_1_412' title='bbox 1430 2941 1565 2968; x_wconf 85' lang='lat' dir='ltr'><strong>eorum</strong></span> <span class='ocrx_word' id='word_1_413' title='bbox 1593 2929 1744 2969; x_wconf 76' lang='lat' dir='ltr'><strong>dicavit.</strong></span> 
     </span>
     <span class='ocr_line' id='line_1_42' title="bbox 153 2991 977 3036; baseline 0.002 -11"><span class='ocrx_word' id='word_1_414' title='bbox 153 2991 284 3025; x_wconf 79' lang='lat' dir='ltr'><strong>Romae</strong></span> <span class='ocrx_word' id='word_1_415' title='bbox 306 2995 345 3025; x_wconf 86' lang='lat' dir='ltr'><strong>in</strong></span> <span class='ocrx_word' id='word_1_416' title='bbox 369 2992 452 3032; x_wconf 76' lang='lat' dir='ltr'><strong>foro</strong></span> <span class='ocrx_word' id='word_1_417' title='bbox 476 3005 550 3036; x_wconf 81' lang='lat' dir='ltr'><strong>rep.</strong></span> <span class='ocrx_word' id='word_1_418' title='bbox 577 3005 608 3027; x_wconf 87' lang='lat' dir='ltr'><strong>a.</strong></span> <span class='ocrx_word' id='word_1_419' title='bbox 632 2993 719 3026; x_wconf 77' lang='lat'><em>4872</em></span> <span class='ocrx_word' id='word_1_420' title='bbox 745 2993 813 3031; x_wconf 86' lang='lat' dir='ltr'><strong>(VI</strong></span> <span class='ocrx_word' id='word_1_421' title='bbox 835 2994 917 3027; x_wconf 73' lang='lat'><strong>4184</strong></span> <span class='ocrx_word' id='word_1_422' title='bbox 927 2998 977 3036; x_wconf 87' lang='lat' dir='ltr'><strong>a).</strong></span> 
     </span>
    </p>
   </div>
  </div>
 </body>
</html>
