1968 3268
133 145 214 185 518
876 146 996 192 Caput
1018 146 1083 182 IX.

132 258 259 294 titulus
281 261 444 301 repertus
467 262 528 301 est,
551 259 687 291 stetisse
710 268 801 292 saec.
825 258 883 291 111
904 259 1083 291 cohortem
1097 258 1288 292 secundam
1304 259 1525 293 Breucorum
1547 262 1653 303 atque
1667 261 1702 293 ei
1723 262 1830 295 exam

130 325 260 349 nomen
284 315 417 348 dedisse
441 315 566 348 docent
593 314 747 348 miliarii
775 315 906 348 ibidem
935 316 1071 358 reperti
1101 314 1228 358 (supra
1251 313 1297 350 N.
1320 315 1399 350 575.
1422 315 1514 359 Eph.
1537 326 1591 360 ep.
1612 316 1646 358 7,
1668 316 1760 362 674).
1781 335 1829 345 —

131 374 167 414 4)
190 372 233 406 A.
256 373 336 406 245.

244 460 356 508 2609
400 461 531 501 Caesio
562 461 661 501 dec.¹
688 460 694 515 Ι
720 461 902 502 feliciterl
931 461 937 512 Ι
962 463 1114 503 homini
1142 463 1261 513 bono,
1288 462 1295 518 Ι
1320 463 1464 516 gratias
1481 464 1632 517 agimus
1656 465 1665 518 Ι
1690 476 1829 505 omnes

133 531 420 572 commilitones
447 528 453 580 Ι
480 529 546 580 qui
575 528 648 569 sub
679 541 771 569 cura
802 531 886 570 eius
915 542 1063 571 sumus.
1095 564 1097 566 ,
1148 525 1153 530 ’

243 606 356 654 2610
399 607 446 654 Q.
477 607 611 647 Caesio
649 605 832 662 Valenti!
859 607 958 648 dec.¹
998 608 1079 648 alae
1116 608 1360 649 νόεοιιῑίοιη2
1393 606 1400 663 Ι
1433 605 1647 665 feli[ei]ter1
1684 607 1829 650 haheas

130 677 345 730 propitium
374 676 468 727 imp.
1796 685 1800 693 ’

243 752 354 799 2611
402 752 586 794 omnibus
611 753 617 808 Ι
645 754 975 795 commilitonibus
1001 754 1006 810 Ι
1035 755 1101 807 qui
1120 755 1185 795 hic
1199 756 1361 795 fuerunt
1380 753 1427 794 ad
1453 754 1460 807 Ι
1486 755 1682 796 custodias
1701 755 1827 796 felic!

134 821 141 879 Ι
173 822 260 862 coh.
290 827 389 862 seut.
420 835 453 862 c.
485 822 530 862 R.
563 821 745 862 feliciter!
773 820 778 876 Ι
807 821 893 861 coh.
924 821 978 861 Ill
1009 822 1122 862 Itur.³
1150 823 1301 863 felicit.1

245 889 287 922 In
309 889 485 932 Aegypto,
510 890 549 921 in
574 888 718 922 collium
742 889 805 930 qui
821 888 990 921 dicuntur
1005 888 1310 932 Djebel-el-Tukh‚
1335 889 1538 933 lapicidinis
1551 890 1710 932 vetustis,
1732 887 1832 922 tituli

130 947 242 980 minio
254 946 348 988 picti
364 945 472 988 (Eph.
489 955 540 987 ep.
557 944 577 977 7
598 955 634 988 p.
650 944 716 978 427
732 945 841 979 deser.
859 945 1003 990 Sayce).
1020 965 1064 970 —
1084 947 1115 989 1)
1133 946 1275 980 Caesius
1293 945 1422 980 Valem
1437 945 1582 979 decurio
1598 945 1677 978 alae
1693 943 1831 979 Vocon-

132 1004 266 1036 tiorum
286 999 452 1045 praefuit
483 1001 656 1034 militibus
686 1002 887 1034 cohortium
921 1005 1081 1035 scutatae
1112 1004 1243 1035 civium
1272 1001 1513 1035 Romanorum
1543 1005 1578 1035 et
1605 1003 1735 1034 tertiae
1757 1000 1831 1034 Itu-

129 1068 298 1092 racorum
314 1061 348 1090 ct
364 1056 517 1097 fortasse
533 1057 689 1090 aliarum
706 1068 854 1100 quoque,
872 1058 1049 1101 deputatis
1065 1059 1114 1091 ad
1128 1059 1324 1092 custodiam
1340 1060 1379 1091 in
1394 1057 1547 1091 metallis
1571 1057 1831 1092 damnatorum.

132 1115 370 1148 Decurionem
396 1115 474 1147 alae
499 1124 624 1147 curam
648 1117 812 1156 agentem
835 1114 1079 1148 vex-illationis
1101 1115 1323 1157 legionariae
1340 1115 1526 1147 habuimus
1540 1124 1652 1157 supra
1668 1112 1714 1147 N.
1729 1114 1831 1148 2485.

131 1190 176 1198 —
193 1172 226 1213 2)
249 1171 355 1204 Alam
374 1170 641 1214 Vocontiorum,
665 1171 768 1204 cuius
792 1170 935 1204 Caesius
956 1169 1032 1211 fuit
1055 1171 1211 1213 decurio,
1235 1170 1333 1204 tituli
1358 1170 1484 1214 (supra
1506 1169 1552 1204 Ν.
1566 1170 1661 1205 2556
1667 1181 1682 1211 ,·
1706 1169 1742 1204 0.
1759 1169 1834 1204 VII

130 1228 231 1272 4080)
262 1230 439 1260 testantur
479 1227 673 1270 aliquando
706 1228 745 1259 in
775 1227 969 1260 Britannia
999 1226 1123 1267 fuisse.
1153 1247 1197 1252 —
1229 1230 1264 1270 3)
1297 1227 1429 1261 Cohors
1466 1228 1571 1260 tertia
1602 1226 1828 1271 Ityr-acorum

130 1286 350 1318 memoratur
372 1284 467 1316 inter
483 1284 625 1317 auxilia
646 1285 824 1317 exercitus
838 1283 1055 1327 Aegyptiaci
1070 1285 1111 1316 in
1128 1284 1320 1328 diplomate
1336 1284 1424 1316 anni
1437 1284 1486 1318 85
1502 1282 1628 1327 (supra
1644 1282 1689 1317 N.
1705 1283 1806 1322 4996)
1815 1295 1830 1324 ,·

131 1342 311 1375 cohortem
333 1342 510 1372 scutatam
541 1341 672 1372 civium
696 1339 937 1373 Romanorum
962 1340 1155 1383 aliquando
1179 1343 1218 1373 in
1241 1341 1405 1384 Aegypto
1427 1338 1542 1380 fuisse
1562 1350 1637 1372 non
1660 1338 1830 1374 traditur.

245 1429 359 1476 2612
404 1432 557 1472 Annius
577 1432 702 1472 Rufus
722 1440 747 1471 Υ
779 1432 853 1485 leg.
874 1432 940 1471 XV
967 1432 973 1486 Ι
999 1433 1236 1485 Apollinaris
1246 1434 1270 1481 ¹,
1300 1432 1549 1486 praepositus
1573 1429 1581 1485 1
1606 1430 1654 1471 ab
1683 1430 1832 1483 optimo

132 1500 228 1552 imp.
259 1499 428 1539 Traiano
455 1498 462 1553 Ι
489 1500 600 1552 operi
629 1496 902 1555 ma[r]morum
931 1500 1056 1541 monti
1082 1499 1088 1555 Ι
1117 1500 1325 1540 Claudiano
1338 1500 1365 1548 ²,
1395 1512 1430 1540 v.
1460 1513 1492 1540 s.
1522 1495 1580 1556 [L]
1611 1511 1645 1539 a.

244 1578 287 1610 In
313 1576 487 1610 Thebaide
511 1577 559 1609 ad
579 1579 732 1610 montem
756 1578 860 1610 hodie
885 1578 1019 1611 dictum
1039 1578 1318 1621 Djebel-Fatire,
1343 1577 1439 1621 olim,
1461 1580 1504 1611 ut
1525 1588 1572 1610 οι·
1595 1578 1662 1610 hac
1684 1577 1835 1620 inser-ip-

131 1636 227 1667 tione
251 1636 411 1676 apparet,
439 1632 675 1666 Claudianum
700 1632 775 1676 (ΙΙΙ
793 1634 840 1668 25
865 1634 975 1668 deser.
1005 1633 1234 1679 Willczmon).
1258 1653 1302 1659 —
1338 1636 1370 1676 1)
1394 1633 1477 1668 Nisi
1497 1633 1619 1675 fallor,
1643 1634 1751 1667 ctiam
1773 1634 1834 1667 hic

132 1691 294 1724 centurio
319 1690 539 1731 legionarius
561 1691 784 1733 praepositus
806 1688 883 1729 fuit
902 1691 1077 1724 militibus
1099 1692 1207 1724 unius
1222 1690 1277 1723 vel
1299 1690 1536 1733 complurium
1558 1690 1772 1730 cohortium.
1787 1708 1832 1715 -—

133 1748 166 1789 2)
192 1746 411 1780 Claudianus
434 1746 549 1778 dictus
573 1756 671 1779 mons
693 1747 771 1779 sine
793 1746 901 1780 dubio
926 1758 948 1780 a
974 1747 1134 1791 Claudio,
1157 1749 1220 1780 sub
1245 1757 1314 1790 quo
1336 1748 1495 1790 primum
1517 1746 1733 1789 lapicidinae
1757 1747 1833 1780 eius

128 1804 403 1846 porphyreticae
431 1812 595 1835 eoeercere
627 1805 770 1845 coeptae
797 1807 882 1835 sunt
905 1802 1013 1846 (Plin.
1047 1805 1080 1838 h.
1104 1814 1139 1837 n.
1162 1804 1219 1847 56,
1240 1803 1313 1848 57).
1359 1803 1420 1837 Ad
1450 1803 1588 1836 easdem
1616 1802 1833 1846 lapicidinae

124 1860 309 1902 pertinent
330 1860 427 1892 tituli
453 1858 579 1892 Graeci
604 1859 638 1893 C.
662 1859 690 1893 Ι.
717 1858 776 1892 Gr.
802 1859 911 1894 4745ο
933 1871 1004 1903 seq.

243 1959 355 2005 2613
403 1961 601 2002 Fortunae
627 1960 633 2015 Ι
661 1962 903 2014 Respicienti
932 1975 1030 2003 sacr.
1058 1963 1063 2018 Ι
1090 1963 1280 2004 Nasellius
1302 1961 1545 2017 Prolclianus
1563 1967 1586 2004 7
1610 1960 1686 2012 leg.
1712 1959 1720 2015 Ι
1744 1959 1832 2001 VIII

131 2030 244 2082 Aug„
274 2028 534 2084 praelpositus
564 2029 673 2069 chor.
701 2028 707 2083 1
735 2029 751 2068 1
781 2030 1046 2071 Helvetiorum
1057 2032 1081 2080 ¹,
1108 2029 1114 2085 Ι
1141 2031 1341 2082 Torquato
1373 2035 1412 2070 et
1441 2028 1591 2070 Iuliano
1622 2027 1721 2069 cos?

246 2097 358 2139 Prope
381 2095 589 2138 Bo'clcingen
614 2096 892 2139 (Wartemberg,
917 2097 1169 2139 Neckarkreis)
1194 2107 1268 2140 rep.
1276 2122 1287 2139 ,
1317 2099 1369 2129 est
1391 2095 1587 2138 Stuttgarti
1616 2095 1832 2136 (Bt-embach

130 2153 220 2186 4585
245 2152 361 2196 vidit).
386 2171 430 2176 -—
456 2154 488 2194 1)
512 2152 647 2185 Eadem
672 2153 800 2186 cohors
818 2155 940 2196 prima
957 2153 1205 2196 Helvetiorum,
1229 2163 1302 2186 una
1327 2162 1407 2185 cum
1422 2152 1647 2185 Brittonibus
1667 2151 1833 2186 Aurelia-

130 2211 296 2242 nensibus
321 2209 380 2252 (de
403 2210 530 2251 quibus
553 2207 601 2249 cf.
625 2208 725 2249 infra
751 2210 800 2242 ad
820 2209 866 2243 Ν.
890 2210 994 2254 2675)
1020 2211 1059 2242 in
1082 2211 1161 2242 vico
1187 2209 1388 2251 Oehringen
1414 2211 1540 2252 posuit
1561 2208 1682 2242 titulos
1703 2208 1831 2242 Bram-

132 2266 219 2298 bach
230 2265 327 2298 4559.
340 2266 435 2306 4560,
451 2265 616 2298 similiter
631 2267 694 2298 sub
708 2276 796 2299 cura
811 2267 1028 2299 centurionis
1044 2266 1240 2308 legionarii
1252 2265 1605 2309 (Korrespondenzbl.
1619 2264 1684 2298 dor
1699 2263 1832 2298 Westd.

131 2322 305 2355 Zeitschr.
329 2322 415 2354 4889
438 2332 472 2364 p.
497 2322 567 2365 48).
592 2341 636 2346 -
662 2323 696 2361 2)
719 2323 763 2355 A.
788 2322 860 2356 448.

242 2422 357 2469 2614
401 2424 429 2464 Ι.
461 2437 497 2463 o.
529 2437 580 2464 m.
609 2424 615 2477 Ι
639 2425 750 2464 vexil.
779 2426 785 2474 Ι
811 2425 896 2467 coh.
921 2424 938 2464 I
963 2422 970 2478 Ι
997 2425 1086 2476 Seq.
1109 2430 1148 2464 et
1168 2425 1287 2464 Raur.
1313 2424 1320 2476 Ι
1346 2436 1407 2476 eq.
1437 2423 1510 2464 sub
1541 2435 1624 2463 cur.
1650 2421 1656 2477 Ι
1682 2421 1831 2461 Anton.

114 2488 323 2546 'Natallffls
356 2500 380 2534 7
413 2492 488 2543 leg.
519 2492 624 2531 XXII
655 2492 698 2531 P.
726 2490 732 2545 Ι
758 2505 797 2544 p.
829 2492 883 2541 f.¹,
914 2491 964 2531 ob
995 2491 1110 2544 burg.
1141 2490 1308 2546 exlplie.²
1335 2504 1370 2531 v.
1400 2504 1431 2532 s.
1461 2492 1487 2531 l.
1517 2491 1543 2530 1.
1571 2501 1627 2529 m.

224 2557 289 2599 *In
325 2557 467 2590 castello
505 2557 693 2590 Schlossau
722 2568 837 2600 prope
866 2557 988 2591 Baden
1020 2557 1418 2601 (Korrespondenzblatt
1446 2557 1509 2590 der
1542 2553 1829 2590 Wostaoutaeohm

132 2612 308 2646 Zeitschr.
330 2612 358 2651 Γ.
386 2612 503 2645 Gesch.
528 2624 564 2647 u.
590 2613 702 2646 Kunst
725 2614 810 2647 4884
831 2624 867 2656 p.
891 2615 964 2655 85).
995 2633 1038 2638 -
1072 2615 1104 2657 1)
1135 2614 1240 2647 Alius
1267 2614 1396 2646 titulus
1419 2622 1520 2656 quem
1554 2612 1681 2645 cohors
1708 2611 1829 2653 prima

134 2668 380 2711 Sequanorum
397 2671 432 2701 et
447 2667 693 2701 Rauracorum
710 2671 880 2711 equitata,
905 2670 960 2702 vel
983 2673 1089 2703 etiam
1112 2670 1296 2703 vexillatio
1321 2670 1407 2710 eius,
1431 2679 1463 2703 a.
1479 2668 1544 2703 492
1566 2669 1687 2711 posuit
1706 2674 1831 2699 curan

133 2727 262 2766 agente
285 2726 490 2757 centurione
514 2725 664 2767 legionis
687 2727 874 2758 vicesimae
897 2726 1072 2759 secundae
1095 2727 1346 2769 Primigeniae,
1365 2725 1507 2768 prodiit
1519 2721 1763 2763 Frankol'urti
1784 2731 1832 2754 σω

134 2781 278 2813 ecclesia
309 2781 508 2813 cathedrali
549 2780 648 2824 (ann.
680 2780 787 2814 Rhen.
819 2781 916 2825 5514,
950 2782 1037 2816 4875
1071 2794 1108 2826 p.
1141 2782 1231 2826 454).
1284 2781 1452 2815 Eiusdem
1483 2781 1638 2814 cohortis
1669 2777 1829 2812 cenna-2¹0

133 2837 370 2879 Mittenbergi,
387 2838 449 2869 ubi
464 2840 499 2869 et
514 2837 615 2870 aliud
629 2836 872 2879 fragmentum
888 2838 936 2870 ad
950 2848 1028 2870 eam
1041 2840 1223 2881 pertinens
1237 2840 1415 2881 repertum
1428 2839 1479 2870 est
1494 2835 1710 2880 (Brambaeh
1720 2833 1830 2874 4744),

132 2894 256 2934 posuit
277 2894 421 2925 titulum
445 2893 578 2926 editum
603 2904 624 2926 a
642 2893 796 2926 Christio
820 2904 902 2927 ann.
919 2893 1027 2926 Rhen.
1042 2895 1100 2935 52,
1116 2894 1202 2928 4872
1225 2905 1260 2938 p.
1277 2895 1320 2927 86
1343 2895 1400 2935 [ει
1411 2893 1613 2926 Brambach
1627 2890 1734 2931 47401.
1773 2886 1828 2928 Cf:

134 2950 242 2979 etiam
258 2959 367 2990 supra
384 2948 429 2982 lv.
445 2950 543 2983 2584.
565 2968 607 2973 —
625 2951 658 2991 2)
678 2950 724 2982 Ob
743 2951 894 2991 burgum
917 2951 1136 2992 empticatum
1153 2952 1322 2992 (burgum
1345 2949 1537 2992 explicare,
1559 2946 1712 2987 fortasse
1734 2944 1828 2978 idem

136 3004 230 3044 quod
253 3015 494 3038 consummare
502 3018 516 3045 ,·
540 3006 708 3048 eoeplicito
734 3006 871 3039 balineo
896 3007 1020 3039 titulus
1042 3007 1274 3039 Britannicus
1298 3005 1367 3039 VII
1388 3006 1452 3038 984
1472 3004 1608 3047 positus
1630 3004 1711 3044 est).
