1968 3268
240 99 356 136 Tituli
378 98 626 136 ministrorum
649 98 777 133 domus
800 98 991 142 Augustae
1015 94 1242 132 condicionis
1264 94 1459 131 libertinae
1481 97 1521 131 et
1542 94 1694 131 servilis.
1737 67 1817 132 361

230 213 344 260 1793
388 216 426 255 d.
455 227 507 254 m.
533 214 542 268 Ι
568 214 743 254 Galeriae
762 213 943 264 Claudiae
969 210 976 266 Ι
1002 225 1103 265 quae
1134 212 1207 252 vix.
1243 223 1307 263 an.
1336 210 1442 251 XVII
1466 210 1474 266 Ι
1500 223 1539 263 p.
1569 211 1650 259 m.¹‚
1676 209 1683 264 Ι
1710 210 1825 251 Gale-

114 285 199 325 rius
222 282 231 339 Ι
256 283 540 336 Anthopborus
565 281 573 337 Ι
598 283 715 336 Aug.²
744 281 824 330 lib„
854 281 1009 332 adiutor
1032 278 1041 334 Ι
1066 294 1088 320 a
1108 280 1263 333 lagona,
1293 278 1377 319 lib.³
1405 284 1445 319 et
1470 280 1478 330 Ι
1503 279 1664 332 coniugi
1694 278 1733 318 b.
1755 291 1823 327 m.‚

116 359 156 393 et
184 352 259 393 sibi
283 349 291 406 Ι
315 351 565 404 posterisque
594 350 687 390 suis.

230 417 363 451 Romae
386 417 459 458 (VI
476 418 563 450 8866
587 417 679 449 vidit
699 416 911 457 Bor-mann).
935 434 980 439 —
1007 417 1039 458 1)
1062 414 1147 448 Plus
1167 415 1297 447 mium.
1321 433 1367 439 —
1397 415 1432 457 2)
1454 414 1657 456 Augustae,
1687 413 1826 446 scilicet

113 476 316 508 Faustinae
337 475 502 507 sertim-is.
526 492 572 498 -
595 475 630 515 3)
654 472 830 506 Liber-tae.

227 573 342 620 1794
382 575 420 615 d.
452 571 532 631 [ιιι]
558 573 565 628 Ι
591 575 781 616 Erasinus
818 575 926 614 Caes.
953 572 960 628 Ι
987 587 1027 613 n.
1065 586 1141 614 ser.
1179 573 1335 613 adiutor
1363 586 1384 613 a
1410 571 1417 626 Ι
1443 572 1562 622 vinis,
1601 572 1781 613 Claudiae
1813 571 1820 627 Ι

114 644 246 684 Phiale
274 643 405 696 coiugi
433 640 539 697 sulae
565 643 839 683 benemerenti
863 640 871 696 Ι
898 642 1002 682 fecit.

226 709 359 743 Roman
382 709 454 749 (VI
470 710 572 743 5062.
594 711 682 743 9092
707 709 798 742 vidit
820 709 991 750 Henzen).

227 866 340 912 1795
384 867 509 907 Genio
535 866 542 920 Ι
569 867 679 907 Coeti
709 867 938 906 Herodian.¹
974 864 981 919 Ι
1006 871 1293 918 praegustator.
1321 864 1327 919 Ι
1354 865 1444 905 divit
1476 872 1562 912 (sic)
1596 866 1777 918 Augusti,
1811 863 1818 920 Ι

110 936 215 976 idem
243 942 379 988 postea
408 935 546 975 vilicus
582 935 624 974 in
650 933 657 988 Ι
683 935 808 974 hortis
846 934 1107 982 Sallusfianis,
1140 933 1147 988 Ι
1181 934 1349 973 decessit
1387 947 1483 974 non.
1522 933 1708 985 Augustis
1732 932 1740 986 Ι
1767 933 1818 973 Μ.

110 1003 275 1043 Cocceio
306 1003 431 1043 Nerva
456 1002 462 1056 Ι
489 1003 531 1042 C.
563 1002 674 1042 Vibio
704 1002 850 1042 Rufino
876 1001 883 1056 Ι
910 1001 1020 1049 cos.²‚
1047 1001 1053 1055 Ι
1080 1001 1178 1041 Iulia
1208 1001 1338 1040 Prima
1367 1008 1538 1054 patrono
1567 1014 1654 1042 suo.

222 1068 353 1103 Romae
376 1069 449 1110 (VI
466 1071 553 1103 9005
576 1069 768 1111 aliquoties
791 1069 969 1111 descripta
992 1078 1084 1102 saec.
1107 1067 1297 1110 XVJXVJ).
1322 1086 1367 1092 —
1396 1070 1426 1107 1)
1444 1067 1571 1101 Coetus
1593 1069 1652 1101 hie
1670 1067 1819 1100 Herodis

107 1126 262 1159 alieuius
292 1126 349 1159 vel
380 1135 503 1158 cervus
531 1123 608 1165 licit
645 1128 751 1158 antea
783 1135 890 1168 quom
914 1126 1070 1167 Augusti
1099 1127 1204 1164 esset,
1237 1126 1302 1156 aut
1323 1123 1500 1157 alumnus.
1524 1143 1568 1148 —
1593 1125 1627 1166 2)
1652 1123 1819 1158 Consules

106 1184 146 1215 hi
166 1181 283 1222 fasces
305 1184 475 1226 ceperunt
496 1192 569 1215 uon
592 1181 745 1214 multum
767 1184 851 1214 ante
870 1192 907 1224 p.
939 1181 999 1216 Cla.
1022 1183 1068 1215 45
1092 1180 1254 1214 kalendis
1276 1180 1380 1213 Iuliis
1404 1179 1471 1223 (cll
1496 1180 1566 1214 Mo.
1602 1180 1817 1223 [sor-respon-

106 1239 288 1272 denzblatt
309 1238 373 1271 der
398 1238 687 1272 Weetdeutsclaen
710 1237 885 1271 Zeitschr.
907 1239 939 1278 7,
963 1238 1051 1271 4888
1070 1248 1108 1280 p.
1130 1238 1205 1281 58).

218 1339 332 1384 1796
374 1341 434 1381 dis
468 1341 651 1381 manibus
685 1341 691 1390 Ι
724 1340 783 1379 Ti.
824 1340 958 1380 Claudi
992 1341 1091 1392 Aug.
1124 1340 1189 1380 lib.
1216 1339 1223 1393 Ι
1259 1340 1402 1379 Zosimi
1440 1346 1639 1392 procurat.
1666 1339 1673 1394 Ι
1700 1353 1815 1393 prae-

103 1414 363 1461 gustatorum‚
382 1406 389 1462 Ι
406 1408 563 1448 Claudia
578 1408 720 1448 Entole
736 1408 911 1447 coniunx
929 1405 936 1463 Ι
952 1408 1035 1448 viro
1052 1408 1324 1448 benemerenti
1345 1405 1351 1462 Ι
1370 1414 1409 1448 et
1425 1408 1582 1448 Claudia
1598 1409 1816 1461 Eustachys

104 1476 181 1516 filia
206 1475 214 1530 Ι
238 1476 341 1528 patri
369 1475 628 1528 pientissimo.

218 1540 361 1584 Itomae,
384 1552 480 1574 nunc
502 1541 713 1574 Florentiae
737 1540 811 1584 (VI
829 1542 920 1575 9003
944 1541 1035 1574 vidit
1058 1541 1228 1584 Henzen).

219 1641 333 1687 1797
375 1643 435 1683 dis
461 1643 643 1684 manibus
666 1642 675 1697 Ι
702 1643 910 1696 chrysaori
940 1644 1039 1695 Aug.
1072 1643 1138 1682 lib.
1169 1644 1467 1696 praegustatori,
1494 1643 1501 1698 Ι
1526 1645 1813 1693 benemerenti‚

102 1708 110 1765 Ι
133 1711 340 1763 collegium
358 1707 364 1765 Ι
383 1717 726 1764 praegustatorum
749 1709 755 1766 Ι
778 1711 890 1760 fecit3
911 1709 1085 1766 curavit!
1109 1710 1305 1752 Eridanus
1324 1713 1425 1763 Aug.
1446 1712 1513 1752 lib.
1538 1710 1544 1765 Ι
1566 1719 1812 1764 procurator.

218 1776 350 1810 Romae
374 1777 446 1820 (VI
463 1778 552 1811 9004
577 1778 670 1811 vidit
691 1778 735 1811 do
760 1777 888 1819 nessi).

218 1877 334 1924 1798
376 1880 420 1919 Τ.
452 1881 586 1921 Aelius
625 1881 723 1932 Aug.
765 1879 832 1919 lib.
865 1879 1088 1920 Primitivus
1113 1879 1119 1934 Ι
1147 1880 1430 1933 archimagirus
1467 1879 1539 1934 et!
1574 1883 1681 1922 Aelia
1710 1884 1810 1936 Aug.

101 1946 168 1987 lib.
199 1947 331 2000 Tyche
361 1947 536 1987 coniunx
561 1946 568 2001 Ι
594 1949 777 1988 fecerunt
806 1947 881 1988 sibi
911 1953 950 1987 et
978 1948 1081 1995 suis,
1119 1947 1185 1988 lib.
1216 1948 1488 2000 libertabusq.¹
1523 1948 1529 2000 Ι
1564 1951 1811 2004 posterisque

101 2027 251 2054 eorum.
278 2012 286 2068 Ι
312 2014 495 2054 Custodia
516 2015 749 2055 monimenti
778 2015 1023 2055 inhabitandi
1046 2028 1095 2055 ne
1121 2016 1209 2067 quis
1239 2014 1487 2070 interssdicere
1517 2017 1636 2058 vellit.
1696 2019 1812 2066 Quod

101 2081 133 2120 si
164 2093 282 2121 nemo
302 2082 351 2121 de
380 2082 454 2122 hac
474 2083 662 2122 memoria
693 2090 829 2123 nostra
854 2082 861 2137 Ι
889 2083 1074 2130 extiterit,
1104 2084 1306 2135 pertinere
1335 2084 1495 2125 debebit
1523 2086 1570 2125 ad
1602 2087 1811 2139 collegium

100 2160 288 2188 cocorum
314 2149 321 2199 Ι
347 2150 446 2201 Aug.
477 2162 531 2198 n.,
560 2150 665 2201 quod
696 2151 875 2191 consistit
904 2150 946 2190 in
974 2151 1133 2190 Palatio.
1184 2151 1299 2197 Quod
1322 2164 1452 2203 neque
1481 2152 1621 2193 donari
1646 2153 1654 2207 Ι
1682 2167 1812 2206 neque

101 2216 225 2256 veniri
262 2221 346 2263 (sic)
384 2216 661 2268 promittimus.
719 2218 868 2264 Quodsi
899 2218 987 2269 quis
1015 2224 1153 2257 contra
1178 2217 1184 2270 Ι
1212 2218 1337 2270 legem
1376 2232 1408 2258 s.
1444 2232 1475 2259 s.
1515 2220 1672 2268 fecerit,
1719 2222 1811 2263 dare

106 2283 265 2324 debebit
295 2283 466 2335 corpori,
499 2283 566 2334 qui
596 2290 689 2324 sunt
714 2283 721 2337 Ι
747 2285 788 2324 in
818 2285 892 2324 hac
921 2285 1142 2333 stationem,
1164 2283 1246 2325 fis·
1268 2285 1311 2325 L.
1341 2298 1393 2324 m.
1424 2286 1482 2325 n.²

214 2348 346 2382 Romae
374 2359 450 2392 rep.
479 2351 584 2381 extra
605 2352 749 2392 portam
772 2351 943 2393 Appiam,
969 2361 1065 2383 nune
1096 2352 1135 2384 in
1164 2361 1285 2383 museo
1311 2351 1487 2385 Vaticano
1521 2352 1590 2395 (VI
1611 2353 1698 2386 7458
1722 2354 1813 2387 vidit

100 2405 271 2447 Henzen).
311 2404 448 2439 Similis
463 2408 516 2438 est
531 2406 657 2438 titulus
672 2406 765 2438 alter·
781 2406 935 2439 eiusdem
951 2407 1133 2440 Primitivi
1155 2408 1406 2451 archimagiri,
1427 2409 1512 2441 item
1526 2412 1690 2452 repertus
1704 2413 1811 2444 extra

97 2463 241 2504 portam
271 2461 445 2505 Appiam,
476 2472 572 2494 nunc
600 2462 640 2493 in
671 2461 817 2494 aedibus
850 2462 1148 2495 Lateranensibue
1179 2463 1249 2506 (VI
1269 2464 1384 2507 8750).
1408 2483 1452 2490 —
1487 2467 1519 2507 1)
1550 2465 1592 2498 In
1623 2466 1727 2499 liudo
1759 2466 1815 2500 V!

98 2517 186 2550 8730
203 2528 276 2561 pro
300 2519 355 2550 lais
378 2519 495 2551 ver-bis
518 2518 619 2561 (inde
641 2529 663 2550 a
687 2517 783 2551 Aelia
809 2518 895 2560 Aug.
920 2518 979 2553 lib.
996 2518 1128 2563 Tyche)
1151 2521 1264 2552 erasis
1283 2521 1478 2554 substituta
1493 2524 1579 2554 nent
1599 2523 1704 2556 haee.-
1729 2523 1811 2557 feeit

98 2573 198 2607 Aelia
214 2573 333 2618 Tyehe
358 2578 393 2608 et
416 2574 481 2607 sibi
506 2578 540 2607 et
556 2573 673 2607 Aeliae
690 2573 876 2617 Tynnnidi
901 2575 1037 2618 coniugi
1061 2578 1096 2608 et
1112 2575 1243 2609 libertis
1266 2575 1488 2622 libertabusq.
1505 2578 1590 2612 meis
1606 2579 1662 2613 vel
1689 2579 1807 2613 Aeliae

102 2626 319 2673 Tynnnidis.
344 2648 387 2655 —
414 2631 448 2670 2)
475 2630 515 2662 ln
541 2630 646 2663 titulo
672 2629 725 2662 VI
744 2631 831 2663 8750
855 2630 1019 2663 clausula
1051 2631 1137 2664 hanc
1160 2633 1211 2664 ita
1235 2632 1387 2675 legitur:
1416 2634 1445 2668 si
1471 2633 1634 2668 adversus
1659 2645 1699 2669 ea
1731 2635 1809 2679 quis

102 2683 242 2726 lecerit,
274 2695 405 2728 poenae
431 2686 567 2719 nomine
592 2685 678 2719 feret
708 2695 805 2719 areae
830 2696 987 2720 cocorum
1006 2684 1074 2720 fls
1090 2687 1125 2722 1..
1150 2698 1194 2722 m.
1220 2698 1269 2731 n.,
1299 2692 1356 2723 ate
1381 2689 1464 2733 (sic)
1490 2700 1531 2723 ex
1555 2690 1668 2724 usuris
1691 2700 1808 2724 eorum

100 2739 290 2775 celebretur
314 2751 377 2776 suo
402 2753 504 2786 quoq.
530 2752 630 2776 anno.

213 2828 325 2875 1799
368 2832 512 2872 Zethus
543 2832 748 2872 Marcellae
773 2830 780 2887 Ι
806 2834 990 2875 minoris¹
1022 2847 1154 2876 cocus.

213 2896 344 2931 Romae
365 2898 536 2941 (V18755
552 2898 644 2931 vidit
659 2898 829 2939 umen).
845 2917 892 2925 —
919 2901 948 2942 1)
963 2900 1029 2934 Boe
1050 2902 1163 2934 altera
1180 2902 1341 2941 tiliarum
1367 2902 1533 2934 Octaviae
1551 2905 1587 2934 et
1610 2901 1644 2936 C.
1663 2902 1807 2936 claudia·

101 2950 274 2994 Marcelli,
299 2954 342 2987 do
364 2956 491 2997 quibus
515 2953 562 2994 cf.
587 2954 623 2988 C.
647 2954 702 2987 VI
718 2965 754 2998 p.
775 2955 855 2989 90⁹.
