1968 3268
455 144 571 182 Tituli
592 156 717 192 regum
740 147 778 182 et
798 145 1005 192 principum
1026 143 1216 181 nationum
1238 146 1456 180 exterarum.
1734 142 1814 180 191

220 262 417 306 Segusione
438 272 525 306 rep„
549 271 646 295 nuno
664 261 836 295 Taurinis
859 259 910 301 (V
922 260 1038 302 7206).
1061 279 1107 284 -
1133 260 1166 302 1)
1180 259 1235 292 De
1251 258 1368 293 Cottio
1391 267 1476 301 rege
1498 257 1546 298 cf.
1569 269 1680 302 supra
1698 257 1744 292 Ν.
1759 260 1815 292 94.

104 339 151 344 -
176 321 209 362 2)
231 319 409 353 Libertus.
433 338 478 343 ——
504 319 537 361 3)
565 317 783 352 Testamenta
806 316 891 358 fieri
913 318 1027 350 iussit.

219 419 304 466 849
346 421 442 462 Iulia
464 421 667 475 Tyndaris,
694 420 702 476 Ι
728 420 769 461 C.
798 419 871 460 Iuli
900 419 1004 471 regis
1027 418 1036 473 Ι
1063 418 1406 460 Rhoemetalcaes²
1435 418 1475 467 1.,
1508 416 1516 472 Ι
1550 418 1643 459 fecit
1671 418 1747 459 sibi
1777 425 1817 459 et

108 490 190 530 suis
228 497 269 530 et
302 491 309 542 Ι
340 489 493 530 libertis
522 489 736 529 libertabus
762 485 768 540 Ι
802 488 1052 541 posterisque
1081 499 1232 527 eorum.
1260 486 1267 539 Ι
1306 486 1352 526 In
1383 487 1432 526 fr.
1463 499 1503 540 p.
1531 486 1618 535 XII,
1648 487 1689 527 in
1720 499 1817 539 agro

134 587 144 596 .
174 556 259 597 XII.

104 569 131 609 p
222 623 354 657 Romae
375 626 418 656 ut
439 623 581 656 videtur
602 633 692 666 rep„
720 633 818 655 nune
840 623 1007 655 Per-usiae
1030 612 1103 661 (VJ
1113 621 1224 655 20748
1245 621 1338 655 vidit
1358 622 1570 663 Bor-mann).
1592 640 1640 647 —
1670 623 1702 662 1)
1723 621 1818 655 For-

107 683 200 713 tasse
224 680 373 713 ultimus
395 690 464 712 rex
490 679 663 713 Thraciae
686 678 875 718 defunctus
897 687 932 712 a.
955 680 1007 713 46.

221 779 308 825 850
350 793 398 821 ex
426 788 516 821 voto
542 779 549 834 Ι
574 780 687 821 Matri
725 781 841 820 deum
878 791 979 831 mag.
1005 777 1014 830 Ι
1039 779 1348 820 Diaoritamenae
1373 781 1380 831 Ι
1409 777 1541 835 [IJulia
1571 779 1775 832 Tigranis¹
1809 777 1814 833 Ι

107 850 214 902 regis
245 845 331 905 [1.]²
358 849 508 889 Ammia
534 847 542 902 Ι
568 845 624 904 [a]
655 848 740 888 solo
770 848 864 888 fecit
892 848 1075 899 idemque
1100 846 1107 901 Ι
1133 848 1337 887 dedicavit.

221 916 265 949 In
287 926 377 959 agro
399 915 629 949 Faleriorum
651 925 726 958 rep.
750 914 821 955 (XI
837 916 928 949 5080
951 914 1063 948 deser.
1083 914 1286 957 Gar-rucei).
1310 933 1355 938 —
1381 916 1414 957 1)
1439 914 1592 948 Videtur
1613 912 1819 956 significari

108 976 173 1006 aut
202 975 234 1006 is
260 971 432 1015 Tigranes
462 974 526 1015 qui
555 973 598 1005 ab
621 972 785 1013 Augusto
818 970 1029 1010 (Mommsen
1058 971 1107 1004 ad
1135 981 1228 1005 mon.
1252 970 1406 1016 Aneyr.²
1422 981 1461 1014 p.
1484 971 1564 1014 446)
1594 974 1660 1004 aut
1691 972 1724 1002 is
1755 971 1818 1012 qui

107 1040 129 1062 a
144 1029 288 1063 Nerone
302 1030 496 1063 Armeniae
516 1030 743 1072 praepositus
766 1030 818 1060 est
841 1027 942 1067 (Tae.
967 1038 1048 1062 ann.
1069 1028 1122 1071 44,
1139 1029 1199 1071 26)
1210 1041 1225 1069 ;
1246 1028 1309 1062 ille
1334 1029 1470 1061 occisus
1492 1031 1545 1060 est
1558 1026 1690 1061 Romae
1713 1038 1748 1060 a.
1770 1028 1816 1061 56

107 1085 210 1127 (Tae.
234 1097 319 1120 ann.
342 1088 373 1129 6,
389 1088 459 1128 40).
483 1105 527 1111 -
552 1086 586 1128 2)
610 1085 632 1119 f.
657 1084 837 1126 traditum
860 1086 1022 1118 correxit
1042 1084 1113 1119 Mo.

218 1267 303 1313 851
347 1281 482 1322 regem
512 1269 572 1309 Ti.
604 1269 674 1309 Iul.
706 1269 976 1322 Sau[romaten
989 1270 1013 1317 ¹,
1044 1266 1223 1323 amilcum
1264 1270 1358 1322 imp.
1388 1268 1578 1322 popu'bliq.
1608 1268 1673 1308 R?
1701 1281 1815 1322 prae·

105 1334 413 1392 stanltissimum,
443 1350 476 1377 c.
507 1337 537 1376 1.
568 1338 596 1377 f.
627 1337 684 1377 S.³
710 1335 717 1391 Ι
742 1333 816 1392 [e]x
846 1337 883 1376 d.
915 1338 952 1377 d.

217 1404 450 1447 Panticapaei
466 1403 644 1448 (Kertsclz)
661 1415 747 1446 rep„
765 1408 815 1436 est
833 1403 982 1436 Odessae
998 1404 1175 1446 (111785).
1191 1423 1236 1428 —
1255 1405 1287 1446 1)
1307 1402 1467 1437 Testibus
1482 1405 1635 1436 nummis
1649 1405 1818 1446 regnavit

108 1461 151 1493 ab
168 1470 264 1493 anno
278 1471 312 1503 p.
328 1459 408 1494 Chr.
430 1461 575 1493 circiter
588 1461 672 1503 9215
688 1470 798 1503 usque
814 1461 863 1493 ad
872 1471 904 1493 a.
918 1460 983 1493 424
996 1459 1152 1500 (Koehne
1166 1459 1284 1493 muse‘e
1296 1459 1538 1504 Kolsehoubey
1550 1460 1588 1492 II
1598 1471 1634 1504 p.
1647 1461 1816 1503 237seq.;

106 1515 268 1556 Imhoos'-
275 1516 422 1550 Blumer
445 1515 697 1559 Pertrallcopl'e
726 1515 801 1555 auf*
818 1516 972 1550 Manzen
1002 1516 1081 1549 hell.
1107 1516 1240 1550 Volker
1260 1527 1295 1560 p.
1318 1518 1393 1558 57).
1438 1516 1563 1550 Eidem
1594 1519 1676 1559 regi
1705 1519 1817 1560 posili

107 1576 193 1606 sunt
215 1573 314 1606 timu
338 1572 470 1606 Graece
492 1574 620 1616 scripti
644 1573 678 1607 G.
704 1573 732 1606 I.
759 1572 818 1606 Gr.
841 1573 946 1607 2425.
969 1573 1069 1613 2424,
1093 1576 1312 1606 memoratur
1336 1573 1370 1607 G.
1388 1573 1415 1606 1.
1435 1572 1495 1606 Gr.
1511 1573 1623 1614 245οῑ
1644 1575 1752 1606 etiam
1775 1575 1815 1606 in

106 1630 162 1663 liis
184 1629 300 1662 titulis
323 1628 386 1669 (ef.
410 1632 483 1662 nol.
506 1630 547 1671 2)
572 1629 775 1672 appellatur
797 1631 1029 1676 φιλοκαῖσαρ
1053 1630 1118 1664 καὶ
1141 1626 1414 1675 φιλορώμαιος.
1434 1648 1480 1654 -—
1504 1631 1539 1671 2)
1561 1630 1727 1663 Amicum
1750 1634 1815 1663 im-

102 1688 285 1729 peratoris
301 1686 499 1729 populique
521 1685 682 1718 Romani.
705 1704 753 1710 —-
776 1686 810 1724 3)
836 1685 981 1719 Colonia
1005 1686 1099 1718 Iulia
1123 1685 1218 1725 felia:
1241 1685 1383 1728 Sinope.

217 1787 305 1833 852
346 1789 390 1828 P.
421 1789 531 1829 Aelio
560 1789 839 1842 Rasparagano
865 1787 871 1841 Ι
898 1789 980 1841 regi
1010 1789 1326 1829 Roxolanorum¹
1353 1790 1359 1839 Ι
1385 1802 1421 1829 v.
1452 1802 1486 1828 v.
1517 1789 1561 1828 12²

218 1855 325 1888 Polae
346 1866 438 1900 rep„
465 1859 588 1900 postea
614 1855 795 1898 Tergeste,
828 1866 914 1889 area
938 1866 1071 1898 magna
1096 1855 1147 1895 (V
1167 1856 1216 1889 52
1241 1855 1287 1896 cf.
1309 1866 1348 1899 p.
1370 1856 1453 1890 4046
1478 1856 1568 1888 vidit
1589 1855 1813 1899 Mommsen).

105 1931 150 1936 —
177 1913 211 1954 1)
233 1910 390 1945 Nomina
413 1913 451 1946 P.
475 1913 572 1946 Aelii
602 1913 793 1945 ostendunt
822 1913 917 1946 hunc
946 1922 1088 1955 regem,
1119 1923 1220 1955 quem
1251 1914 1430 1955 captivum
1459 1913 1516 1945 vel
1536 1913 1676 1946 exulem
1707 1913 1816 1947 Polae

106 1969 239 2001 vixisse
259 1968 487 2001 statuendum
509 1972 570 2010 est,
596 1971 731 2002 vioeisse
752 1970 815 2002 sub
840 1969 1037 2002 Hadriano.
1085 1969 1310 2002 Hadrianum
1334 1979 1413 2002 eum
1436 1979 1522 2012 rege
1544 1968 1813 2003 Roxolanorum

105 2034 229 2066 pacem
252 2026 485 2068 composuisse
507 2028 638 2058 narrat
660 2027 721 2060 vit.
746 2026 856 2059 Hadr.
879 2027 900 2060 6
924 2025 1011 2066 (Mo.
1037 2025 1059 2059 1.
1083 2028 1143 2068 c.).
1166 2044 1210 2050 —
1235 2027 1270 2068 2)
1294 2025 1406 2059 Vivus
1429 2027 1509 2059 vivo
1532 2025 1629 2065 feeit.

220 2124 305 2171 853
350 2127 394 2167 Ρ.
424 2128 555 2169 Aelius
583 2129 842 2181 Peregrinus,
881 2126 1016 2185 reg[is]
1043 2128 1048 2185 Ι
1076 2130 1340 2170 Sarmatarum
1375 2130 1640 2183 Rasparagani
1666 2130 1672 2183 Ι
1698 2131 1738 2179 f„
1777 2144 1813 2170 v,

110 2195 136 2234 f.
167 2194 244 2235 sibi
274 2201 314 2235 et
342 2196 467 2236 Attiae
498 2195 545 2242 Q.
575 2197 602 2236 f.
632 2197 834 2246 Procillae,
864 2197 931 2237 lib.
962 2194 1254 2254 l[iber]{tabusq.
1285 2198 1496 2250 posterisq.
1528 2211 1678 2238 eorum.

221 2261 339 2305 Potae,
363 2273 448 2295 area
476 2263 532 2302 (V
547 2264 595 2297 55
618 2263 712 2296 vidit
736 2263 956 2305 Mommsen).

220 2363 309 2409 854
351 2365 387 2404 d.
419 2378 471 2405 m.
498 2363 505 2418 Ι
532 2365 630 2413 ziani,
655 2364 662 2419 Ι
689 2365 788 2405 Tiati
818 2366 885 2415 fil„
913 2369 919 2416 Ι
944 2367 1083 2415 Dacae,
1119 2367 1230 2406 uxori
1257 2365 1263 2419 Ι
1291 2366 1446 2418 Piepori
1477 2367 1581 2419 regis
1607 2365 1613 2422 Ι
1641 2367 1812 2408 Coissto-

108 2433 323 2482 bonensis¹‚
353 2431 359 2487 Ι
383 2433 607 2486 Natoporus
637 2440 675 2473 et
700 2432 706 2486 Ι
732 2433 898 2485 Drilgisa
928 2434 1033 2474 aviae
1058 2433 1065 2487 Ι
1092 2435 1223 2474 cariss.
1255 2433 1293 2472 b.
1325 2446 1375 2472 m.
1407 2434 1525 2474 secer.

221 2499 352 2533 Romae
376 2500 446 2538 (VI
461 2499 544 2534 4804
570 2499 758 2542 descripsit
778 2500 874 2532 solus
898 2501 1118 2543 decursim).
1144 2520 1186 2525 -—
1215 2503 1247 2542 1)
1273 2500 1570 2535 Coissiobocenses
1592 2503 1658 2535 zia:
1681 2502 1815 2535 diuersi

107 2558 192 2589 sunl
220 2567 242 2589 a
277 2556 477 2613 Costoboeis
506 2557 709 2589 memoratis
737 2557 961 2598 potissimum
988 2560 1140 2600 propter
1170 2560 1411 2592 incursionem
1446 2569 1553 2602 quam
1581 2557 1746 2599 fecerunt
1775 2561 1813 2591 in

111 2612 298 2646 Graeciam
322 2614 541 2656 imparibus
563 2612 610 2647 M.
635 2612 780 2646 Aurelii
804 2611 881 2654 (vit.
905 2613 952 2646 M.
975 2615 1059 2647 Ant.
1082 2615 1152 2655 22,·
1183 2607 1335 2649 Ραωαη.
1356 2616 1409 2656 40,
1424 2618 1481 2659 54,
1495 2618 1538 2657 5,-
1568 2616 1654 2649 Iulii
1679 2616 1814 2648 Iuliani

108 2667 285 2712 praefecti
298 2671 481 2712 praetorio
500 2668 681 2702 Commodi
697 2667 823 2701 titulus
839 2666 940 2708 infra
964 2669 1145 2712 edendus).
1186 2671 1249 2704 His
1272 2674 1487 2715 temporibus·
1511 2673 1568 2705 hic
1590 2672 1717 2704 titulus
1740 2682 1812 2704 non

108 2725 257 2758 multum
280 2725 423 2758 videtur
445 2727 623 2759 recentior
646 2735 728 2757 esse.

221 2826 305 2872 855
336 2828 373 2868 d.
404 2841 454 2867 m.
481 2827 488 2881 Ι
515 2827 718 2868 memoris¹
745 2826 752 2881 Ι
779 2827 877 2867 Eiii²
896 2829 1026 2869 Aureli
1051 2829 1058 2884 Ι
1087 2830 1314 2878 Canarthae,
1342 2828 1347 2883 Ι
1374 2830 1565 2883 principis
1595 2831 1770 2882 gentium
1802 2830 1810 2884 Ι

109 2893 373 2947 Baquatium³‚
399 2894 406 2948 Ι
433 2895 498 2947 qui
528 2895 620 2934 vixit
645 2896 652 2945 Ι
676 2907 770 2934 ann.
800 2894 898 2934 XVI.

222 2961 353 2994 Romae
377 2962 445 3001 (Vl
460 2962 545 2995 4800
570 2961 660 2993 vidit
688 2960 729 2993 de
745 2960 873 3003 llos-si).
898 2981 941 2986 —
967 2964 999 3003 1)
1025 2963 1136 2996 Ser-ib.
1161 2964 1354 3006 memoriae,
1391 2965 1423 3002 2)
1450 2963 1522 2996 Aeli
1550 2964 1686 3006 (potius
1702 2973 1809 3006 quam

114 3013 274 3049 Memoris
298 3016 375 3059 fili).
399 3036 443 3042 —-
469 3019 502 3059 3)
526 3017 579 3050 De
603 3018 824 3059 Baqualibus
844 3018 975 3060 populo
1001 3019 1251 3052 Mauretaniae
1275 3019 1320 3058 cf.
1347 3019 1380 3053 C.
1408 3019 1496 3053 Vll!
1515 3021 1612 3054 9663.
