1968 3268
212 117 264 155 12
977 113 1095 158 Caput
1118 113 1146 146 1.

323 230 422 277 Quei
451 231 556 283 agrei
587 243 686 283 quae
710 231 798 270 loco
820 229 993 268 aedificia
1013 228 1169 281 publica
1190 216 1407 279 preivatave
1433 228 1440 282 Ι
1466 227 1766 269 Thermensium
1787 229 1911 269 maio-

209 310 298 338 rum
329 299 549 339 Pisidarum
579 299 682 338 intra
714 297 826 336 fineis
860 297 866 349 Ι
903 309 1038 336 eorum
1077 301 1170 336 sunt
1205 296 1411 335 fueruntve
1442 295 1484 335 L.
1515 295 1660 336 Marcio
1691 296 1780 338 SeX.
1811 296 1910 337 Iulio

144 373 180 406 15
209 365 327 415 cos.⁷,
353 364 361 419 Ι
387 378 567 418 quaeque
588 365 739 405 insulae
761 376 899 403 eorum
920 369 1014 403 sunt
1035 364 1242 403 fueruntve
1272 363 1342 403 ieis
1367 362 1375 415 Ι
1400 363 1640 412 consulibus,
1671 364 1763 415 quei
1791 376 1912 417 supra

209 434 368 485 scriptei
398 439 503 478 sunt,
536 433 719 484 quodque
745 430 751 484 Ι
778 443 913 470 earum
945 443 1077 470 rerum
1109 430 1178 470 ieis
1208 430 1438 471 consulibus
1466 430 1762 472 ieihabuerunt
1786 429 1792 485 Ι
1818 444 1911 484 pos-

208 501 397 541 sederunt
436 503 518 541 usei
555 499 791 552 fructeique⁸
830 504 942 547 sunt,
988 510 1087 549 quae
1125 498 1173 538 de
1212 498 1282 538 ieis
1318 498 1438 538 rebus
1472 496 1479 551 Ι
1512 497 1635 538 locata
1685 511 1767 539 non
1806 506 1910 549 sunt,

140 576 179 609 20
207 571 287 608 utei
333 575 444 608 antea
477 568 637 608 habeant
669 567 887 619 possideant
897 578 909 614 ,·
949 577 1123 618 quaeque
1149 564 1156 618 Ι
1183 566 1230 605 de
1269 566 1340 605 ieis
1369 565 1488 605 rebus
1516 568 1640 617 aqreis
1669 565 1780 607 loceis
1807 567 1912 608 aedi·
1947 580 1949 583 ’

207 637 325 688 ficieis
355 636 476 675 locata
505 640 610 680 sunt,
642 646 687 673 ac
718 647 769 673 ne
796 632 802 686 Ι
829 634 1012 673 locentur
1042 636 1232 674 sancitum
1263 640 1315 674 est
1343 636 1547 680 sanctione,
1580 645 1676 686 quae
1700 634 1800 675 facta
1822 635 1828 689 Ι
1853 641 1913 676 est

210 716 262 743 em
300 703 376 754 leye
406 710 541 754 roqata
570 701 610 741 L.
644 701 762 742 Gellio
802 700 871 741 Cn.
902 701 1060 741 Lentulo
1101 712 1194 748 eos.¹
1235 714 1275 741 ea
1307 701 1437 741 omnia
1464 698 1470 754 Ι
1497 701 1719 742 Thermeses
1748 705 1913 744 maiores

211 770 360 810 Pisidae
389 770 549 810 habeant
578 770 829 821 possideant,
870 768 876 823 Ι
905 769 1054 820 ieisque
1084 770 1195 809 rebus
1226 769 1335 809 loceis
1362 771 1487 820 aqreis
1516 769 1723 822 aedificieis
1750 775 1914 811 utantur

140 846 177 878 25
205 839 394 889 fruantur
419 836 425 891 Ι
452 838 515 884 ita,
548 838 626 877 utei
649 844 736 877 ante
757 837 969 878 Mitridatis
991 837 1137 883 bellum,
1171 838 1270 889 quod
1292 836 1489 889 preimum
1516 836 1523 891 Ι
1549 837 1657 886 suit⁹,
1688 837 1913 879 habuerunt

203 907 449 959 possederunt
477 908 560 945 usei
587 905 810 957 fructeique
841 911 946 945 sunt.
974 905 979 957 Ι

321 974 430 1020 Quae
451 973 788 1012 Thermensorum
820 976 1017 1014 maiorum
1038 972 1259 1012 Pisidarum
1290 972 1447 1025 publica
1473 970 1480 1027 Ι
1506 973 1725 1025 preivatave
1754 979 1914 1026 praeter

207 1038 366 1097 loca[ta]
380 1042 409 1062 ¹⁰
428 1053 542 1094 agros
564 1041 737 1080 aedificia
759 1047 852 1081 sunt
878 1039 883 1095 Ι
911 1042 1119 1081 fueruntve
1139 1046 1230 1080 ante
1254 1040 1400 1080 bellum
1423 1040 1640 1090 Mitridatis,
1671 1042 1777 1093 quod
1806 1043 1912 1094 prei-

139 1116 177 1148 30
207 1122 316 1149 mum
342 1109 348 1163 Ι
375 1110 518 1149 factum
542 1114 611 1158 est,
643 1109 828 1160 quodque
850 1121 983 1148 earum
1006 1121 1139 1148 rerum
1161 1108 1211 1148 iei
1231 1114 1346 1148 antea
1372 1105 1379 1162 Ι
1404 1107 1630 1148 habuerunt
1649 1109 1914 1161 possederunt

207 1178 291 1218 usei
312 1177 498 1217 fructeive
520 1182 625 1224 sunt,
653 1175 658 1230 Ι
687 1177 790 1228 quod
818 1176 903 1217 eius
924 1177 1022 1229 ipsei
1043 1189 1112 1217 sua
1133 1176 1331 1216 voluntate
1352 1176 1401 1215 ab
1422 1189 1464 1216 se
1485 1189 1566 1216 non
1587 1175 1872 1226 abalienarunt,
1904 1175 1910 1231 Ι

208 1257 253 1285 ea
283 1245 413 1285 omnia
446 1244 719 1284 Termensium
750 1245 942 1284 maiorum
969 1245 1199 1292 Pisidarum,
1231 1244 1311 1284 utei
1342 1250 1435 1284 sunt
1461 1246 1467 1294 Ι
1493 1245 1666 1293 fuerunt,
1698 1245 1749 1284 ita
1778 1251 1912 1294 sunto,

141 1319 177 1352 35
207 1314 380 1364 itemque
410 1313 479 1352 ieis
509 1325 553 1352 ea
585 1313 716 1352 omnia
742 1311 748 1366 Ι
775 1313 920 1352 hahere
950 1311 1151 1364 possidere
1184 1312 1292 1351 uutei
1322 1312 1504 1363 frueique
1533 1311 1664 1351 liceto.
1690 1311 1698 1364 Ι

98 1395 198 1424 Cotti
321 1380 429 1426 Quos
459 1380 722 1420 Thermenses
752 1380 921 1420 maiores
952 1379 1106 1420 Pisidae
1135 1379 1305 1420 leiheros
1334 1391 1515 1420 servosve
1537 1378 1551 1433 ΙΙ
1574 1378 1677 1419 bello
1707 1379 1914 1420 Mitridatis

207 1448 468 1496 ameiserunt,
508 1448 756 1499 magistratus
794 1460 911 1500 prove
946 1450 951 1498 Ι
987 1447 1236 1499 magistratu,
1276 1448 1395 1498 quoia
1434 1447 1482 1487 de
1521 1459 1564 1486 ea
1595 1454 1638 1486 re
1668 1447 1764 1488 iuris
1794 1448 1912 1488 dictio

159 1519 178 1550 5
208 1517 300 1565 erit,
341 1528 487 1568 quoque
513 1512 519 1570 Ι
546 1516 593 1554 de
629 1528 673 1554 ea
702 1528 744 1555 re
776 1517 817 1555 in
849 1515 937 1555 ious
972 1515 1118 1555 aditum
1150 1516 1245 1562 erit,
1275 1515 1326 1554 ita
1356 1515 1404 1554 de
1434 1526 1478 1554 ea
1508 1526 1551 1554 re
1581 1514 1669 1555 ious
1694 1516 1700 1566 Ι
1727 1515 1912 1556 deicunto

207 1584 347 1624 iudicia
380 1584 702 1636 recuperationes
733 1584 866 1631 danto,
898 1583 977 1623 utei
1008 1583 1062 1622 iei
1093 1596 1160 1623 eos
1190 1594 1426 1635 recuperare
1455 1582 1622 1634 possint.
1650 1582 1657 1632 Ι

319 1652 390 1691 Nei
422 1652 510 1703 quis
538 1652 787 1704 magistratus
817 1663 938 1703 prove
969 1651 1196 1702 magistratu
1229 1651 1380 1702 legatus
1411 1652 1522 1689 neive
1547 1647 1554 1703 Ι
1580 1649 1668 1701 quis
1697 1649 1794 1690 alius
1814 1650 1912 1690 mei-

207 1719 294 1759 lites
324 1720 365 1759 in
397 1719 586 1772 oppidum
608 1720 868 1759 Thermesum
898 1718 1092 1758 maiorum
1118 1717 1124 1771 Ι
1151 1718 1370 1757 Pisidarum
1400 1729 1586 1769 agrumve
1610 1717 1914 1758 Thermensium

139 1792 176 1824 10
205 1787 398 1826 maiorum
425 1787 430 1839 Ι
458 1787 675 1826 Pisidarum
705 1786 903 1826 hiemandi
933 1798 1067 1825 caussa
1100 1785 1352 1832 introducito,
1384 1785 1495 1824 neive
1521 1783 1528 1838 Ι
1553 1784 1684 1832 facito,
1715 1797 1794 1836 quo
1825 1785 1913 1837 quis

207 1866 252 1893 eo
283 1854 450 1893 meilites
480 1854 707 1894 introducat
737 1867 864 1905 quove
895 1853 972 1893 ibei
1008 1854 1013 1902 Ι
1048 1853 1213 1892 meilites
1244 1852 1432 1900 hiement,
1466 1852 1564 1892 nisei
1593 1858 1753 1892 senatus
1784 1853 1912 1893 nomi-

205 1921 350 1970 natim,
389 1921 470 1960 utei
505 1921 760 1961 Thermesum
796 1919 801 1974 Ι
837 1921 1028 1960 maiorum
1072 1920 1289 1960 Pisidarum
1327 1919 1369 1958 in
1408 1919 1664 1959 hibernacula
1697 1919 1863 1960 meilites
1903 1917 1911 1975 Ι

206 1989 471 2037 deducantur,
512 1989 747 2037 decreverit3
781 1989 891 2028 neive
923 1988 1010 2040 quis
1040 1988 1290 2039 magistratus
1323 1985 1329 2041 Ι
1356 1999 1476 2039 prove
1505 1987 1733 2038 magistratu
1761 1987 1912 2040 legatus

141 2061 177 2093 15
209 2055 320 2095 neive
351 2056 438 2107 quis
468 2056 564 2096 alius
594 2057 709 2095 facito
745 2053 751 2109 Ι
787 2056 897 2095 neive
928 2056 1131 2107 inperatO,
1172 2067 1250 2106 quo
1290 2055 1383 2107 quid
1423 2054 1547 2106 magis
1584 2055 1633 2094 iei
1671 2055 1768 2096 dent
1795 2068 1913 2109 prae-

205 2123 325 2162 beant
350 2121 356 2176 Ι
382 2122 429 2162 ab
452 2123 568 2163 ieisve
590 2124 801 2172 auferatur,
829 2123 926 2163 nisei
949 2124 1053 2174 quod
1075 2119 1173 2179 e[o]s
1189 2124 1213 2143 ¹¹
1237 2135 1284 2162 ex
1305 2123 1390 2175 lege
1412 2122 1550 2162 Porcia
1577 2120 1583 2176 Ι
1609 2122 1702 2163 dare
1720 2123 1913 2176 praebere

204 2197 361 2244 oportet
391 2191 597 2243 oportebit.
627 2189 633 2244 Ι

319 2258 428 2305 Quae
458 2259 564 2309 leges
596 2259 780 2310 quodque
812 2259 899 2298 ious
930 2271 1109 2310 quaeque
1141 2258 1385 2298 consuetudo
1418 2258 1461 2297 L.
1492 2254 1668 2311 Marcio!
1696 2257 1785 2297 Sex.
1810 2257 1909 2298 Iulio

140 2331 177 2364 20
208 2338 287 2366 cos.
328 2327 432 2365 inter
471 2326 587 2366 civeis
618 2327 818 2366 Romanos
857 2332 896 2366 et
925 2327 1159 2366 Termenses
1192 2325 1198 2379 Ι
1233 2326 1401 2366 maiores
1435 2324 1583 2365 Pisidas
1619 2324 1714 2373 fuit,
1751 2326 1911 2366 eaedem

207 2394 312 2444 leges
344 2394 547 2445 eidemque
578 2394 664 2434 ious
690 2393 697 2447 Ι
724 2394 939 2445 eademque
961 2395 1206 2434 consuetudo
1228 2394 1332 2433 inter
1352 2392 1478 2433 ceives
1498 2392 1697 2432 Romanos
1717 2397 1756 2432 et
1780 2391 1787 2446 Ι
1813 2393 1911 2433 Ter-

207 2472 363 2500 menses
393 2461 560 2501 maiores
593 2462 740 2502 Pisidas
771 2467 853 2501 esto
864 2474 874 2511 ;
907 2462 1092 2513 quodque
1125 2461 1347 2513 quibusque
1381 2460 1388 2514 Ι
1414 2460 1454 2500 in
1485 2458 1605 2499 rebus
1633 2458 1754 2499 loccis
1782 2461 1910 2512 agreis

207 2528 415 2567 aedificieis
436 2529 613 2580 oppideis
634 2529 756 2568 iouris
775 2527 780 2583 Ι
801 2530 1073 2569 Termensium
1095 2530 1289 2569 maiorum
1311 2528 1527 2568 Pisidarum
1546 2527 1618 2566 ieis
1637 2527 1879 2577 consulibus,
1901 2525 1907 2583 Ι

141 2601 178 2633 25
209 2595 301 2646 quei
331 2607 449 2646 supra
479 2595 639 2647 scriptei
669 2602 773 2644 sunt,
805 2597 889 2644 suit,
921 2597 1026 2648 quod
1052 2597 1135 2636 eius
1158 2603 1314 2649 praeter
1340 2594 1346 2649 Ι
1372 2590 1531 2649 loca[ta]
1545 2594 1573 2615 ¹²
1601 2605 1719 2645 agros
1736 2594 1910 2635 aedificia

208 2662 306 2714 ipsei
337 2675 405 2702 sua
435 2663 633 2702 voluntate
663 2663 709 2702 ab
741 2676 782 2703 se
815 2676 894 2702 non
923 2665 929 2716 Ι
955 2663 1240 2712 abalienarunt,
1271 2663 1374 2703 idem
1404 2663 1444 2702 in
1467 2660 1612 2701 eisdem
1642 2660 1762 2701 rebus
1789 2661 1911 2703 loceis

207 2730 334 2782 agreis
369 2731 375 2783 Ι
413 2730 619 2770 aedificieis
661 2730 839 2782 oppideis
870 2731 1143 2770 Termensium
1174 2731 1367 2771 maiorum
1395 2728 1614 2769 Pisidarum
1648 2725 1654 2782 Ι
1686 2727 1775 2769 ious
1804 2734 1909 2779 est03

141 2803 181 2836 30
209 2803 248 2836 et
285 2809 364 2848 quo
402 2797 533 2837 minus
563 2810 628 2845 ea,
669 2810 768 2848 quae
799 2798 839 2837 in
871 2798 946 2837 hoc
977 2798 1104 2850 capite
1134 2798 1280 2850 scripta
1305 2797 1311 2848 Ι
1338 2801 1448 2845 sunt,
1488 2795 1540 2835 ita
1569 2794 1649 2835 sint
1677 2795 1792 2844 fiant,
1825 2797 1910 2837 eius

205 2865 278 2903 hac
308 2865 393 2916 lege
426 2865 591 2904 nihilum
621 2871 794 2916 rogatur.
823 2865 828 2916 Ι

321 2932 445 2978 Quam
467 2933 593 2984 legem
615 2932 825 2984 portorieis
847 2933 1101 2972 terrestribus
1121 2931 1440 2982 maritumeisque
1464 2927 1469 2984 Ι
1487 2930 1722 2970 Termenses
1740 2930 1910 2971 maiores

207 2998 384 3038 Phisidae
423 2999 651 3052 capiundeis
689 3000 791 3039 intra
828 3012 921 3039 suos
956 2997 962 3053 Ι
996 3000 1108 3040 fineis
1148 3000 1381 3047 deixserint,
1422 3010 1467 3037 ea
1500 2998 1562 3037 lex
1591 2997 1662 3037 ieis
1699 2997 1910 3050 portorieis
