1968 3268
471 120 586 158 Tituli
607 120 767 158 virorum
789 122 829 157 et
848 119 1040 157 mulierum
1063 119 1202 157 ordinis
1225 118 1411 156 senatorii.
1709 119 1790 158 241

91 236 353 291 speditionem
383 235 603 276 Parthicam
632 233 911 290 deducenldae„
946 234 1022 288 leg.
1063 234 1139 274 divi
1168 234 1360 275 Antonini
1388 234 1488 287 Aug.
1528 234 1605 287 leg.
1634 233 1687 274 XI
1718 234 1790 284 CL,

92 301 290 359 praeneti,
318 303 432 344 aedili
459 303 598 351 curuli,
631 302 680 343 ab
709 303 807 343 actis
834 308 1006 350 senatus,
1036 298 1244 354 quaelstori
1272 301 1440 350 urbano,
1469 301 1590 342 Xviro
1618 298 1791 342 stlitibus

93 372 323 413 iudicandis.
349 370 356 425 Ι
387 371 490 411 Huic
509 377 668 411 senatus
687 366 879 425 auctor[e]
901 369 1137 422 imperatore
1157 369 1238 409 M.¹¹
1253 367 1424 424 Auli-elio
1443 369 1650 410 Antonino
1667 367 1673 419 Ι
1690 369 1790 422 Aug.

93 440 326 480 Armeniaco
356 438 507 479 Medico
534 437 541 493 Ι
567 438 748 478 Parthico
776 439 959 487 maximo,
995 437 1100 489 quod
1130 443 1221 491 post
1249 437 1400 490 aliquot
1426 436 1611 491 sequnda
1641 437 1791 490 proelia

92 508 297 548 adversum
319 507 537 547 Germanos
562 505 567 560 Ι
594 512 634 546 et
651 506 808 559 Iazyges
836 505 884 545 ad
912 511 1156 558 postremum
1185 508 1258 558 pro
1282 517 1315 544 r.
1335 517 1375 558 p.
1396 505 1550 546 sortiter
1574 503 1582 560 Ι
1608 508 1793 558 pugnans

92 575 326 625 ceciderit¹²‚
355 580 542 615 armatam
571 580 739 615 statuam
769 569 935 630 [poni]¹³
960 571 966 627 Ι
993 573 1034 613 in
1061 573 1148 613 soro
1169 572 1247 613 divi
1265 573 1424 613 Traiani
1443 573 1613 626 pecunia
1631 573 1791 626 publica

93 639 289 699 cen[suit].

206 708 338 744 Romae
351 719 426 752 rep.
442 711 482 742 in
496 707 582 748 foro
598 707 758 751 Traiani,
773 707 961 750 descripsit
973 705 1070 739 solus
1086 706 1268 750 Ligarius,
1282 710 1390 741 notus
1403 706 1579 748 falsarius
1595 707 1616 751 (
1614 707 1650 740 V
1646 707 1668 740 1
1677 707 1791 751 4377).

94 765 197 799 Hanc
223 767 398 798 sinceram
429 776 500 798 esse
524 764 698 808 (exceptis
723 765 853 807 paucis
884 762 972 796 locis
1001 763 1196 807 corruptis)
1226 763 1380 797 ostendit
1409 763 1535 796 titulus
1561 763 1606 798 N.
1628 764 1724 798 4097.
1746 782 1794 788 -

208 821 377 855 Claudius
401 821 560 862 Fronto,
590 822 651 854 cui
673 821 786 863 positi
812 822 898 852 sunt
919 818 965 854 N.
989 820 1085 853 4097.
1109 819 1213 860 4098,
1243 818 1289 853 Ν.
1312 819 1398 854 4097
1427 830 1506 853 cum
1537 823 1626 853 esset
1648 821 1790 863 legatus

90 879 308 921 Daciarum,
335 877 380 912 N.
402 877 488 911 4098
513 879 596 920 post
622 879 789 917 mortem,
821 876 962 909 videtur
991 887 1063 908 csse
1090 876 1230 910 Fronto
1261 879 1492 919 memoratus,
1519 879 1604 910 teste
1625 876 1790 910 Luciam

92 945 211 979 quom.
234 935 316 968 hist.
339 943 475 968 consor.
501 935 549 966 sit
577 934 634 975 24,
657 935 697 966 in
720 932 845 976 aliqua
869 933 1021 966 historia
1045 932 1128 965 belli
1150 933 1311 966 Parthici
1332 933 1373 967 L.
1398 933 1496 967 Veri.
1522 952 1566 957 —
1593 934 1625 974 1)
1649 931 1790 966 Claudio

94 991 118 1025 f.
142 1002 176 1036 q.
199 990 380 1031 traditum
403 991 604 1032 corrigitur
626 1000 672 1022 ea:
694 989 739 1023 N.
762 989 857 1024 4097.
878 1008 927 1014 -
949 991 983 1030 2)
1008 989 1138 1024 Consul
1157 988 1235 1030 fuit
1254 989 1444 1031 suffectus,
1467 999 1564 1022 anno
1587 992 1630 1022 ut
1651 989 1793 1023 videbar

93 1048 156 1082 466
186 1047 244 1080 vel
263 1043 389 1090 paullo
419 1049 503 1079 ante
535 1044 600 1089 (cs)
623 1049 696 1080 not.
719 1046 768 1090 7).
800 1065 846 1070 —
876 1047 911 1089 3)
934 1047 1030 1079 Haec
1060 1049 1231 1089 corrupta
1260 1046 1318 1079 vel
1346 1044 1496 1085 confusa
1526 1056 1600 1078 esse
1627 1049 1789 1088 apparet,

92 1104 327 1138 Mommsenus
349 1103 503 1136 coniecit
522 1101 634 1142 luisse
656 1104 695 1135 in
712 1102 830 1146 lapide
851 1102 919 1146 leg.
941 1103 1028 1146 Aug.
1052 1113 1102 1147 pr.
1126 1113 1176 1146 pr.
1199 1102 1450 1147 provinciarum
1472 1101 1650 1136 Daciarum
1675 1102 1787 1145 trium,

93 1170 190 1205 prov,
203 1159 330 1194 Daciae
345 1158 541 1201 Maluensis,
564 1169 661 1203 prov,
681 1158 803 1192 Daciae
820 1158 1077 1203 Porolissensis,
1099 1170 1172 1203 pro.
1188 1159 1311 1193 Daciae
1327 1158 1486 1203 Apulesis
1511 1157 1571 1202 (de
1593 1159 1649 1192 liis
1672 1159 1788 1191 tribus

89 1219 299 1261 provinciae
321 1215 456 1249 Daciae
476 1217 639 1258 partibus
662 1214 708 1255 cf:
733 1215 948 1259 Marquardt
970 1215 1126 1250 Stant-w.
1150 1215 1191 1249 1²
1208 1227 1247 1260 p.
1270 1216 1367 1260 309).
1396 1235 1444 1241 -
1474 1217 1508 1255 4)
1531 1214 1634 1248 Recte
1657 1214 1792 1248 dicimr

93 1274 232 1316 legatus
252 1273 499 1316 Augustorum
522 1272 675 1305 duorum
697 1274 737 1305 in
761 1272 869 1305 titulo
888 1274 1007 1315 posito
1027 1276 1109 1316 post
1129 1276 1297 1314 mortem,
1326 1274 1360 1305 si
1388 1272 1531 1315 quidem
1556 1272 1649 1306 Vero
1673 1271 1792 1305 adhuc

89 1331 281 1374 superstite
296 1329 465 1363 Moesiam
488 1328 743 1361 administrare
766 1331 891 1372 coepit,
913 1331 997 1362 item
1019 1332 1114 1362 recte
1139 1329 1277 1372 legatus
1298 1329 1459 1372 Augusti
1480 1331 1520 1361 in
1544 1328 1648 1361 titulo
1670 1330 1787 1372 posito

92 1389 165 1430 ipsi
185 1388 267 1419 vivo
287 1389 369 1430 post
389 1388 539 1418 mortem
565 1385 660 1427 Veri,
684 1395 764 1418 cum
786 1386 982 1428 imperaret
1003 1386 1099 1418 solus
1122 1385 1168 1419 M.
1184 1385 1365 1419 Aurelius.
1386 1404 1432 1410 —-
1448 1388 1481 1426 5)
1500 1385 1657 1428 Legatus
1680 1387 1789 1418 trium

92 1443 292 1476 Daciarum
308 1444 343 1474 et
356 1441 511 1475 Moesiae
525 1442 732 1484 superioris,
755 1443 795 1474 in
818 1451 971 1484 quarum
981 1443 1255 1485 provinciarum
1271 1440 1478 1482 defensione
1494 1441 1633 1482 oceidit,
1649 1441 1793 1474 videtur

92 1497 206 1538 fuisse
229 1509 262 1532 a.
277 1498 340 1532 469
365 1497 428 1541 (cf.
451 1501 524 1530 not.
540 1498 577 1541 4)
603 1499 638 1530 et
660 1508 692 1530 a.
709 1498 771 1531 470
796 1495 860 1540 (cli
884 1500 957 1531 not.
973 1498 1046 1542 42).
1071 1517 1114 1522 -
1141 1499 1175 1540 6)
1199 1497 1318 1532 Comes
1344 1499 1430 1533 Veri
1454 1496 1633 1541 (defuncti
1655 1509 1687 1531 a.
1711 1498 1790 1542 469)

94 1555 237 1588 videtur
250 1553 362 1595 fuisse
377 1556 483 1586 initio
501 1554 582 1586 belli
599 1553 803 1587 Germanici
819 1554 1023 1588 Sarmatici.
1038 1573 1080 1578 —
1095 1557 1128 1595 7)
1144 1555 1250 1588 Dona
1266 1554 1441 1587 militaria
1458 1556 1594 1598 accepit
1609 1555 1790 1596 tn'umpho

94 1611 213 1645 Marci
235 1615 269 1644 et
293 1610 380 1645 Veri
402 1621 435 1643 a.
458 1610 539 1650 466,
569 1611 643 1642 iam
674 1611 890 1653 consularis,
918 1613 960 1642 ut
990 1614 1139 1654 apparet
1166 1622 1211 1644 ex
1233 1621 1381 1644 numero
1405 1612 1639 1654 quaternario
1663 1612 1791 1644 horum

92 1668 281 1701 donorum.
297 1686 343 1692 —
360 1668 393 1709 8)
418 1665 472 1706 Cf.
488 1666 560 1700 Mo.
576 1666 728 1700 Staatsr.
745 1666 803 1699 11³
815 1678 849 1709 p.
866 1668 932 1700 850
948 1670 1021 1700 not.
1035 1669 1072 1702 3.
1086 1685 1132 1692 -
1148 1669 1182 1709 9)
1205 1666 1356 1709 Legatio
1379 1669 1485 1700 extra
1509 1667 1668 1701 ordinem
1691 1668 1789 1710 data,

94 1725 138 1758 de
160 1726 263 1758 cuius
282 1725 427 1766 generis
451 1723 689 1766 legationibus
716 1723 814 1756 dixit
834 1723 903 1757 Mo.
928 1723 1079 1757 Staatsr.
1103 1723 1162 1756 11³
1181 1733 1219 1766 p.
1241 1725 1322 1758 853.
1369 1723 1417 1756 Ee
1445 1724 1512 1757 Ιιοσ
1539 1734 1670 1757 munus
1693 1727 1730 1757 et
1748 1725 1791 1758 id

54 1800 57 1802 >
94 1781 191 1824 quod
212 1781 397 1824 praecedit
426 1781 604 1812 omittitur
634 1781 672 1812 in
701 1781 933 1823 inscriptione
959 1779 1005 1814 N.
1021 1780 1114 1814 4097.
1134 1799 1179 1804 -
1204 1781 1260 1823 10)
1282 1780 1516 1813 Anthemusia
1547 1782 1649 1823 regio
1677 1780 1789 1814 Meso-

89 1839 282 1881 potamiae.
313 1855 356 1861 —
391 1838 446 1879 11)
469 1841 641 1870 auctorem
667 1836 902 1880 imperatorem
927 1837 1096 1871 traditur.
1125 1856 1172 1862 —
1197 1838 1252 1878 12)
1278 1836 1453 1870 occidisse
1474 1837 1695 1871 Frontonem
1716 1847 1790 1871 non

95 1896 180 1927 ante
203 1904 236 1927 a.
258 1893 322 1927 470
344 1893 561 1935 Borghesius
583 1893 667 1926 inde
698 1893 842 1936 collegit
864 1893 961 1936 quod
982 1904 1022 1926 eo
1046 1904 1142 1926 anno
1165 1893 1213 1927 M.
1238 1893 1408 1927 Claudius
1434 1894 1577 1927 Fronto
1605 1892 1790 1938 Neocydes

94 1950 193 1991 filius
222 1952 264 1983 ut
293 1949 434 1982 widelm-
456 1951 532 1982 eius
552 1951 648 1982 inter
669 1949 779 1983 salios
801 1950 983 1983 Palatinos
1006 1953 1167 1993 receptus
1194 1952 1246 1982 est
1268 1949 1339 1993 (VJ
1358 1950 1471 1994 4978),
1496 1949 1592 1993 quod
1612 1960 1685 1982 non
1707 1948 1791 1989 fieri

93 2007 254 2050 potuerit
281 2007 355 2038 nisi
383 2009 535 2049 utroque
555 2009 703 2050 parente
723 2008 922 2049 superstite.
969 2006 1121 2041 Videtur
1151 2011 1269 2039 autem
1300 2007 1468 2040 occidisse
1490 2009 1567 2050 ipso
1590 2016 1686 2039 anno
1710 2007 1793 2047 470,-

96 2065 189 2096 certe
221 2072 261 2094 eo
292 2063 369 2105 ipso
401 2072 497 2095 anno
526 2064 722 2105 reperimus
748 2064 823 2095 eius
849 2073 1084 2096 successorem
1114 2061 1253 2103 factum
1281 2064 1321 2096 in
1342 2063 1460 2096 Dacia
1492 2062 1693 2097 Cornelium
1718 2062 1791 2096 Cle-

94 2121 245 2152 mentem
270 2117 331 2162 (N.
355 2118 469 2162 4099).
492 2137 534 2143 —
563 2119 615 2159 13)
638 2122 673 2152 et
696 2119 855 2152 traditur
878 2118 942 2162 (cll
968 2121 1015 2155 N.
1031 2119 1142 2164 4400).

203 2207 321 2255 '1099
365 2209 453 2249 Sex.
474 2208 656 2249 Cornelio
678 2209 767 2249 Sex.
797 2211 823 2250 f.
851 2210 856 2264 Ι
883 2210 964 2250 Fal.
995 2211 1184 2251 Clementi
1215 2212 1309 2250 cos.¹
1337 2209 1343 2263 Ι
1369 2217 1408 2250 et
1436 2210 1527 2250 duci
1554 2210 1673 2250 trium
1703 2210 1792 2262 Da}

91 2278 243 2319 ciarum
271 2277 276 2332 Ι
305 2307 314 2316 .
337 2307 346 2316 .
377 2276 534 2316 Avidius
563 2276 704 2316 Valens
728 2276 735 2331 Ι
763 2307 772 2316 .
794 2308 803 2317 .
826 2308 835 2317 .
866 2274 972 2335 [le]g.
1002 2278 1070 2317 VII
1101 2278 1210 2318 Gem.
1242 2307 1384 2318 .....

211 2344 402 2378 Caesareae
426 2342 547 2386 (hodie
571 2341 752 2386 chor-chel)
769 2342 1016 2377 Mauretaniae
1033 2344 1083 2387 (V
1084 2344 1140 2377 11!
1150 2345 1240 2378 9365
1263 2343 1311 2383 cs.
1327 2343 1418 2386 Epa.
1434 2345 1549 2386 epigr.
1563 2345 1598 2384 5,
1613 2344 1677 2378 967
1699 2343 1794 2377 vidit

96 2400 284 2445 Schmidt).
318 2420 364 2425 —
401 2401 434 2441 1)
473 2398 675 2432 Consularis
707 2399 904 2432 Daciarum
946 2398 1021 2440 fuit
1054 2411 1086 2433 a.
1119 2400 1199 2440 470,
1234 2401 1316 2442 post
1351 2398 1537 2432 Claudium
1571 2399 1792 2433 Frontonem

95 2457 169 2501 (111
183 2456 219 2491 S.
233 2456 349 2501 7505).

208 2536 323 2582 1100
367 2564 829 2575 ...............
863 2531 1011 2590 [comiti
1038 2538 1128 2588 imp.
1157 2532 1369 2592 Antoanini
1395 2538 1494 2588 Aug.
1527 2542 1566 2576 et
1594 2537 1671 2577 divi
1700 2536 1791 2576 Veri

97 2605 201 2646 bello
232 2604 474 2653 Germanic„
501 2602 507 2658 Ι
535 2603 627 2643 item
663 2602 796 2642 comiti
834 2602 926 2656 imp.
957 2603 1147 2643 Antonini
1180 2605 1280 2656 Aug.
1311 2604 1533 2645 Germanici
1564 2601 1791 2658 Sarlmatici‚

96 2673 172 2724 leg.
198 2673 274 2725 leg.
296 2673 313 2713 Ι
343 2672 499 2719 Miner„
530 2670 701 2710 curatori
723 2669 824 2710 civit.
844 2671 981 2710 Araus.
999 2668 1006 2725 Ι
1028 2683 1138 2723 prov.
1160 2670 1304 2712 Galliae
1323 2672 1457 2720 Narb.,
1487 2673 1670 2724 praetori,
1700 2672 1790 2711 trib.

63 2783 67 2785 ,
98 2740 201 2793 pleb.
223 2740 430 2781 candidato
458 2738 464 2793 Ι
491 2740 584 2791 imp.
607 2738 681 2777 divi
704 2737 900 2786 Hadriani,
930 2738 978 2778 ab
1001 2745 1075 2779 act.
1096 2745 1234 2785 senat..
1265 2740 1462 2791 quaestori
1491 2752 1600 2791 prov.
1628 2738 1634 2793 Ι
1662 2738 1792 2787 Narb.‚

96 2808 187 2847 trib.
219 2808 300 2848 mil.
331 2809 405 2860 leg.
429 2807 477 2846 VI
502 2807 635 2854 Victr.‚
666 2817 754 2845 cum
786 2818 862 2858 qua
892 2818 938 2846 ex
969 2807 1099 2846 Germ.
1130 2807 1169 2846 in
1198 2804 1205 2861 Ι
1230 2806 1395 2846 Brittan.
1426 2807 1578 2846 transiit
1590 2808 1613 2853 ¹,
1649 2806 1791 2847 llllvir.

57 2875 62 2878 ⁴
96 2875 189 2915 viar.
228 2876 435 2916 curandar.
463 2873 469 2928 Ι
510 2873 611 2914 Huic
647 2879 806 2913 senatus
844 2878 1001 2914 auctore
1039 2874 1089 2914 Μ.
1120 2874 1278 2914 Aurelio
1325 2873 1526 2913 Antonino
1561 2874 1659 2925 Aug.
1687 2873 1693 2928 Ι
1720 2876 1792 2914 Ar-

97 2943 264 2983 meniae.
286 2943 424 2984 Medic.
446 2941 615 2982 Parthie.
648 2941 815 2980 maximo
846 2941 976 2981 Germ.
998 2942 1161 2982 Sarmat.
1189 2939 1195 2994 Ι
1221 2947 1386 2981 statuam
1418 2940 1512 2993 poni
1536 2941 1671 2981 habitu
1691 2942 1792 2982 civili

99 3009 139 3049 in
171 3010 257 3050 soro
288 3011 363 3051 divi
394 3010 551 3051 Traiani
579 3006 584 3062 Ι
611 3008 777 3060 pecunia
808 3008 962 3060 publica
994 3009 1159 3050 censuit.

166 3078 288 3114 Dnsam,
315 3080 531 3116 inscriptiones
550 3079 684 3109 Latinae.
1480 3075 1522 3108 16
