1968 3268
161 150 245 191 522
909 153 1029 199 caput
1050 153 1113 190 IX.

278 265 393 312 2634
438 268 510 308 deo
537 265 544 322 Ι
569 272 706 308 sancto
732 265 739 320 Ι
764 267 942 308 Aulisvae
976 267 982 322 Ι
1016 268 1073 308 Fl.
1106 267 1322 324 Cassilanus
1351 268 1548 325 praelfect.
1585 271 1668 313 alae
1690 269 1700 327 1
1725 273 1860 327 explo-

165 336 353 394 raltorum
379 334 386 390 Ι
411 333 755 389 Pomarilensium¹
783 334 789 389 Ι
816 331 1105 402 S.[.⁶².'e.]¹.'}³.n.³.et²

282 437 439 471 Tlemcen
462 437 503 469 in
526 435 754 469 Mauretania
781 435 886 479 (VIII
908 437 994 469 9906
1018 437 1111 470 vidit
1138 437 1363 481 Wilmanns).
1387 457 1432 464 —
1464 440 1496 483 1)
1525 439 1628 473 Alius
1659 439 1864 482 praefectus

172 495 325 528 eiusdem
341 493 419 526 alae
433 491 703 535 emploratorum
716 492 836 525 eodem
849 492 925 524 loco
936 494 1060 534 posuit
1070 494 1211 528 titulum
1224 495 1314 529 VIII
1319 495 1414 529 9907.
1445 495 1724 529 Pomariemt’um
1737 505 1867 531 nomen

166 552 334 585 videntur
349 550 388 582 lzi
404 548 648 591 eoeploratores
664 550 817 582 trau-isse
833 549 876 581 ab
893 559 933 582 eo
957 550 1034 591 ipso
1060 549 1147 591 loco,
1172 552 1255 584 huic
1278 553 1371 584 emim
1393 561 1522 585 nomen
1542 551 1617 592 luit
1630 552 1797 586 Pomaria
1810 553 1867 587 vel

168 609 372 642 Pomarium
387 605 438 646 (V
438 605 490 638 III
502 605 617 639 40465.
629 605 744 648 40470,
760 605 829 638 Mo.
842 607 887 640 ib.
902 616 937 648 p.
950 606 1041 647 847).
1053 624 1100 631 -—
1115 607 1149 648 2)
1164 607 1382 642 Vocabulum
1398 618 1537 642 erasum
1553 609 1642 651 legit
1656 607 1864 643 Wilmanns.

277 728 390 775 2635
436 761 445 770 .
482 760 660 770 .....
699 726 806 786 [ZJeg.
836 730 950 782 Aug.¹
989 730 1030 770 in
1069 727 1286 787 c[u]lneum
1324 731 1585 788 Frisionlum²
1622 731 1864 788 Aballavlen-

165 799 290 840 sium³
319 797 529 853 Philiplp.⁴‚
566 798 674 838 XIIII
703 797 778 837 kal.
809 803 848 837 et
876 797 966 837 XIII
995 798 1055 838 ka.
1092 800 1098 848 1
1124 798 1241 848 Nov.‚
1282 800 1376 840 Gor.
1408 800 1444 841 11
1480 806 1520 842 et
1548 794 1822 856 Pompei[ano]
1855 796 1863 850 Ι

166 879 260 917 cos„
292 872 331 907 et
358 867 487 906 Attico
518 872 557 906 et
587 862 831 921 Pre[te]xtat0
862 866 970 914 cos.⁶‚
1003 878 1037 905 v.
1067 879 1099 906 s.
1130 867 1155 906 l.
1186 880 1238 907 m.

280 947 322 977 In
337 944 492 987 Angliae
507 945 655 986 regione
673 943 908 977 Cumberland
921 953 998 986 rep.
1019 943 1093 977 loco
1111 944 1206 978 dioto
1220 945 1416 990 Papcastle‚
1437 956 1509 980 non
1525 946 1631 989 longe
1646 956 1670 979 a
1684 944 1777 979 vallo
1793 944 1864 978 Ha-

168 1002 294 1036 driani
316 1001 403 1042 (VII
417 1001 480 1034 445
498 999 545 1041 ef.
563 1001 652 1044 Epa.
669 1011 721 1043 ep.
736 1001 762 1034 5
782 1010 818 1043 p.
835 1000 900 1034 450
917 1000 1026 1034 deser.
1042 1001 1187 1043 Bruce).
1201 1020 1247 1026 —
1266 1003 1297 1043 1)
1317 1002 1526 1036 Translatus
1539 1001 1693 1043 fortasse
1708 1013 1731 1036 a
1746 1002 1865 1044 legato

167 1060 326 1101 Augusti
348 1060 386 1090 in
402 1067 587 1090 numerum
603 1057 811 1090 Frisionum
835 1056 911 1096 fuit
932 1060 965 1090 is
987 1059 1050 1100 qui
1072 1058 1167 1091 hune
1190 1058 1334 1091 titulum
1353 1061 1487 1102 posuit.
1503 1078 1548 1084 —
1572 1060 1606 1103 2)
1623 1057 1867 1099 conferendus

165 1120 217 1149 est
242 1115 367 1148 titulus
391 1124 493 1157 quem
515 1114 719 1147 numinibus
746 1114 985 1156 compluribus
1006 1117 1206 1156 posuerunt
1221 1113 1296 1149 Ger.
1321 1114 1414 1148 cives
1437 1114 1599 1149 Tuihanti
1622 1114 1720 1154 cunei
1744 1113 1867 1148 Frisio-

165 1181 239 1206 rum
263 1181 333 1204 ver.
356 1180 419 1204 ser.
434 1171 476 1211 (⁶1³)
492 1168 730 1203 Alexandriani
756 1169 864 1213 (Eph.
882 1180 933 1212 ep.
957 1170 989 1213 7,
1015 1169 1125 1214 4044),
1151 1180 1252 1212 quem
1268 1171 1348 1204 vide
1362 1170 1464 1211 infra
1479 1173 1575 1205 inter
1591 1171 1713 1205 titulos
1734 1181 1867 1205 saeros.

165 1228 273 1261 Dia-it
296 1227 337 1259 de
361 1229 481 1259 cuneis
503 1225 694 1259 Mommsen
717 1225 833 1260 Herm.
857 1227 899 1260 49
919 1237 955 1269 p.
979 1226 1048 1260 234
1062 1238 1132 1270 seq.
1149 1246 1193 1252 —
1218 1229 1250 1269 3)
1267 1227 1442 1261 Aballava
1465 1230 1685 1262 memoratur
1707 1229 1747 1260 in
1769 1228 1863 1260 noti-

170 1285 223 1316 tia
239 1283 348 1325 Dign.
374 1292 445 1317 ooo.
468 1293 502 1325 p.
520 1283 593 1324 444,
615 1284 657 1315 ut
677 1282 775 1315 sedes
794 1281 973 1325 praefecti
988 1283 1130 1315 numeri
1145 1281 1365 1316 Maurorum.
1383 1303 1425 1308 —
1443 1285 1477 1326 4)
1493 1282 1639 1328 Philipp.
1655 1283 1867 1317 vocabulum

171 1350 322 1380 erasum,
346 1339 408 1372 scd
432 1339 503 1381 legi
521 1341 650 1382 potuit.
675 1357 719 1363 —
744 1340 778 1379 5)
802 1339 843 1372 49
867 1341 902 1371 et
922 1339 968 1372 20
995 1339 1079 1378 Oct,
1104 1349 1136 1373 a.
1159 1339 1224 1373 244
1250 1341 1285 1372 et
1304 1341 1384 1374 242.

281 1452 395 1499 2636
438 1453 532 1505 imp.
554 1453 660 1493 Caes.
692 1453 743 1491 M.
765 1451 924 1491 Aurelio
951 1450 956 1505 Ι
985 1452 1128 1492 Severo
1149 1453 1351 1493 Antonino
1371 1453 1484 1505 Aug„
1513 1452 1696 1509 burlgum
1724 1466 1867 1507 specu-

168 1522 357 1563 latorum¹
396 1521 530 1561 Anto?
564 1519 569 1574 Ι
603 1521 653 1560 Μ.
686 1520 764 1559 Val.
797 1520 987 1560 Seneoi0³
1025 1520 1100 1573 leg.
1141 1520 1224 1561 eius
1252 1533 1313 1573 pr.
1348 1519 1354 1575 Ι
1395 1533 1454 1574 pr.
1489 1533 1524 1561 e.
1553 1533 1589 1561 v·
1628 1521 1714 1562 fieri
1740 1521 1866 1571 iussit,

169 1604 203 1631 o.
243 1590 294 1630 a.⁴
352 1589 393 1629 C.
431 1588 529 1628 Iulio
567 1588 790 1643 Aellurione
828 1596 855 1628 7
896 1587 970 1639 leg.
1011 1587 1065 1627 111
1102 1588 1219 1640 Aug.⁸
1263 1588 1402 1638 Anto„
1439 1600 1546 1641 prae.
1594 1602 1634 1629 n.
1672 1589 1720 1630 Η.
1759 1588 1868 1630 Anu

170 1667 298 1706 (supra
314 1663 478 1703 etiuxta,
503 1661 643 1693 diversa
658 1662 783 1702 manu)
813 1655 874 1696 bis
902 1656 1036 1708 posuit
1065 1656 1302 1696 Caletamera
1331 1656 1373 1696 in
1403 1661 1542 1710 tepore
1571 1669 1656 1698 suo.

282 1735 324 1768 In
345 1733 529 1776 Numidia,
552 1735 646 1767 inier-
669 1733 825 1767 Batnam
849 1736 884 1766 et
905 1734 1071 1767 Biskram
1095 1734 1172 1767 loeo
1196 1733 1291 1767 dieto
1316 1733 1524 1768 el—Kantara
1547 1719 1754 1778 (127112'494
1776 1734 1870 1768 vidit

171 1791 402 1833 Wilmanns).
433 1809 478 1814 —
513 1792 545 1831 1)
581 1789 663 1823 Non
695 1791 798 1833 longe
831 1792 874 1823 ab
907 1791 973 1823 hoc
998 1790 1101 1823 titulo
1124 1791 1226 1822 stetit
1247 1790 1372 1823 titulus
1397 1790 1484 1825 VIII
1505 1791 1594 1824 2495
1611 1791 1796 1833 pertinens
1818 1790 1868 1824 ad

169 1848 315 1891 burgum
339 1847 603 1890 speculatorium
629 1847 712 1890 (sic)
737 1847 825 1880 inter
849 1846 934 1880 duas
951 1847 1024 1880 vias
1048 1846 1091 1879 ad
1107 1846 1253 1880 salutem
1276 1846 1537 1880 commeantium
1561 1848 1804 1881 constitutum.
1820 1865 1866 1872 —

168 1905 204 1946 2)
227 1905 467 1937 Antoniniani
490 1903 579 1936 dicti
601 1903 838 1946 speculatores
867 1914 889 1936 a
916 1902 1116 1937 Caracalla.
1140 1921 1184 1927 —
1217 1903 1250 1945 3)
1281 1902 1335 1935 110
1367 1903 1434 1936 hoc
1463 1902 1579 1945 legato
1602 1901 1795 1936 Numidiae
1818 1902 1867 1943 cs.

168 1971 279 2003 supra
303 1959 347 1994 N.
371 1960 467 1993 4462.
492 1978 535 1983 -
559 1960 594 2002 4)
621 1959 751 2003 Curam
776 1962 914 2002 agente.
937 1978 981 1983 ——
1006 1959 1039 2002 5)
1061 1957 1085 1991 7
1109 1959 1175 2002 leg.
1199 1958 1239 1992 111
1269 1958 1356 2002 Aug.
1380 1969 1540 2002 erasum,
1571 1959 1634 1993 sed
1657 1959 1798 2002 legitur.
1823 1977 1866 1984 ·-

170 2018 203 2059 6)
229 2018 432 2059 Praeposito
457 2026 605 2048 numero
630 2016 792 2049 Herculis
806 2018 860 2058 (ἲ)
887 2016 1135 2048 Antoniniano
1169 2019 1354 2055 (numerus
1376 2016 1539 2050 Herculis
1566 2015 1710 2049 videtur
1738 2025 1867 2049 momo-

167 2075 249 2106 rari
273 2074 313 2105 in
338 2073 442 2106 titulo
469 2073 623 2106 eiusdem
645 2074 806 2115 regionis
833 2072 922 2108 VIII
939 2073 1060 2113 2496).

849 2309 1178 2361 Centuriones,

287 2422 402 2468 2637
445 2424 496 2463 Μ.
528 2424 686 2464 Helvius
716 2424 767 2463 M.
798 2425 824 2464 f.
856 2424 960 2464 Cam.
993 2424 1118 2463 Rufus
1143 2421 1150 2477 1
1178 2423 1325 2463 Civica¹
1362 2423 1477 2476 prim.
1506 2421 1606 2476 pil.)
1641 2421 1826 2462 balneum
1857 2419 1865 2477 Ι

116 2488 119 2493 ’
170 2492 437 2544 municipibus
467 2497 506 2533 et
534 2492 699 2531 incolis²
724 2490 730 2546 Ι
757 2492 873 2532 dedit.

286 2569 328 2602 In
346 2568 475 2611 oppido
496 2569 684 2610 Vicovaro,
707 2569 770 2601 ubi
792 2567 866 2608 fuit
882 2568 1006 2609 Varia,
1032 2571 1108 2601 octo
1124 2567 1266 2600 milibus
1287 2577 1456 2611 passuum
1479 2578 1501 2600 a
1519 2566 1648 2601 Tibure
1663 2565 1772 2607 (XIV
1777 2565 1866 2601 5472

171 2624 373 2668 descripsi).
392 2643 434 2648 —-
456 2626 488 2665 1)
505 2625 571 2657 Hic
596 2627 647 2657 est
662 2625 804 2657 Helvius
827 2625 942 2665 Rufus
966 2626 1029 2668 qui
1050 2625 1149 2658 miles
1168 2625 1363 2666 gregarius
1386 2633 1482 2656 anno
1503 2633 1538 2666 p.
1555 2622 1592 2657 C.
1606 2623 1652 2657 20
1674 2624 1715 2655 in
1737 2621 1867 2663 Africa

173 2680 272 2723 apud
298 2679 445 2713 Thalam
468 2680 650 2713 castellum
674 2679 825 2719 fortiter
853 2692 889 2713 se
914 2683 1027 2723 gessit
1057 2684 1091 2713 et
1120 2691 1142 2713 a
1170 2679 1382 2723 proconsule
1413 2680 1598 2722 torquibus
1628 2682 1665 2712 et
1690 2680 1813 2719 hasta,
1843 2688 1867 2711 a

175 2736 315 2770 Tiberio
340 2747 473 2769 corona
498 2737 610 2769 civica
637 2736 790 2769 donatus
821 2739 872 2768 est
904 2736 1006 2779 (Tae.
1031 2747 1115 2770 ann.
1137 2737 1172 2779 5,
1194 2736 1238 2770 24
1265 2734 1312 2776 cs:
1339 2735 1424 2769 Gell.
1446 2736 1480 2776 5,
1504 2736 1535 2776 6,
1558 2735 1628 2780 44),
1657 2738 1798 2778 postea,
1826 2735 1869 2767 ut

171 2803 218 2826 em
242 2794 308 2826 hoc
331 2792 435 2825 titulo
453 2795 613 2836 apparet,
637 2792 686 2825 ad
700 2793 986 2825 centurionatum
999 2796 1186 2836 promotus
1202 2796 1236 2825 et
1251 2803 1272 2825 a
1289 2793 1404 2824 civica
1421 2802 1553 2825 corona
1570 2791 1690 2825 Civica
1712 2789 1869 2833 appella-

172 2852 228 2881 tus
253 2850 404 2890 (merum
427 2859 603 2891 agnomen
627 2859 699 2881 esse
724 2848 879 2882 Civicam
904 2851 1010 2882 etiam
1026 2849 1109 2882 inde
1133 2849 1327 2891 colligitur,
1352 2847 1448 2892 quod
1467 2858 1542 2881 non
1565 2857 1644 2880 cum
1665 2845 1868 2879 nominibus

172 2905 213 2936 in
237 2916 268 2938 υ.
292 2905 323 2947 4,
346 2905 407 2936 sed
431 2914 510 2937 cum
535 2906 637 2938 titulo
656 2904 901 2947 primipilaris
930 2906 969 2937 in
1000 2915 1031 2938 v.
1055 2907 1077 2939 2
1110 2907 1337 2939 coniunctum
1367 2904 1446 2948 est).
1475 2923 1519 2928 -
1550 2904 1584 2946 2)
1612 2901 1809 2943 Municipes
1832 2903 1867 2934 et

171 2960 311 2992 incolae
334 2960 501 2993 videntur
531 2972 603 2994 esse
625 2961 815 3002 municipii
841 2959 1037 3003 Tiburtini,
1069 2973 1115 2994 ex
1138 2972 1227 3004 quo,
1258 2964 1344 2994 teste
1367 2961 1464 2993 tribu
1488 2957 1655 2998 Camilia,
1689 2956 1865 2990 oriundus

172 3013 250 3053 fuit
274 3017 417 3048 Helvius
440 3015 557 3056 Rufus
565 3030 578 3058 ;
602 3027 815 3060 quamquam
839 3017 946 3049 etiam
972 3017 1084 3050 Varia
1108 3016 1262 3056 fortasse
1284 3016 1361 3056 fuit
1382 3010 1624 3057 municipium.
