1968 3268
477 110 591 147 'Pituli
614 110 865 157 apparitorum
887 113 926 148 et
947 121 1134 148 servorum
1155 111 1396 156 publicorum.
1703 111 1787 151 385

85 221 216 280 A[1]te.
238 223 389 265 Roma.¹
419 237 498 277 que
526 225 685 266 servivit
713 224 855 280 an'nus
883 225 969 265 XVI
989 226 1149 279 coniugi
1168 237 1274 266 caro.
1322 226 1370 266 In
1391 238 1470 278 que
1498 238 1590 266 arca
1608 227 1643 267 si
1668 229 1676 279 Ι
1702 227 1791 279 quis

85 304 177 332 cum
196 292 280 333 suis
301 289 395 348 [et]²
412 293 593 333 Altenam
613 293 832 333 Romanam
853 291 860 347 Ι
882 293 1036 334 dederit
1056 306 1216 347 corpus,
1246 290 1371 350 de[t]³
1397 294 1592 335 heclesiae
1621 306 1788 348 paenam

84 359 93 415 Ι
124 361 210 401 auri
238 362 375 413 pondo
403 362 495 401 duo.
555 361 785 413 Depositum
813 362 854 401 in
884 361 947 402 die
968 359 975 417 Ι
998 361 1066 402 Vll
1095 361 1185 403 idus
1213 361 1359 403 Iunias.

201 427 398 471 Vranjieae
420 431 536 472 prope
558 428 712 461 Salonas
743 427 816 470 (111
835 428 926 462 6399
947 428 1140 461 Mommsen
1169 428 1265 462 vidit
1290 428 1486 473 eclypum).
1515 448 1562 454 —
1597 430 1628 471 1)
1651 427 1793 463 Nomen

83 484 224 526 mnis,
245 483 554 518 AlicnaRomana
576 484 785 518 utvidowr.
804 504 844 509 -
870 485 905 527 2)
928 488 974 526 te,
999 487 1034 526 3)
1056 484 1100 519 de
1124 486 1227 528 lapis.
1264 485 1544 519 Dicet-evomit.-
1566 486 1792 528 siquiscum

84 549 234 582 corpore
255 541 368 583 ipsius
392 543 428 572 et
441 540 599 573 Altenae
620 540 802 575 Romanae
824 552 974 585 corpore
996 542 1101 575 aliud
1121 552 1252 585 corpus
1272 542 1450 576 innitent.

198 619 311 665 1961
355 623 394 662 d.
431 634 484 662 m.
516 619 523 677 Ι
555 622 636 661 Val.
667 622 777 662 Felix
810 624 999 676 princeps
1035 624 1152 677 offiici
1189 624 1378 676 presidis¹
1417 623 1512 663 vixit
1540 635 1604 663 an.
1633 621 1750 670 XLV,
1782 620 1790 676 Ι

83 689 219 729 Aurei.
235 690 399 730 Aemilia
428 690 533 730 bene
560 689 714 743 merilto
744 692 909 744 conpari
937 692 1106 744 virginio
1135 691 1281 744 posuit.
1302 688 1311 746 Ι
1335 691 1429 731 Vale
1457 691 1595 731 viator.
1617 689 1625 744 Ι
1653 685 1789 733 Οὖαλ.

86 753 236 812 Φῆλιξ
251 759 448 811 πρίηιψ
465 751 654 814 ὖφηκίου
675 757 683 812 Ι
704 753 930 812 ἡγεμόνος,
961 756 1096 815 ζήσας
1115 757 1190 816 ἔτη
1220 773 1289 812 με,
1313 759 1319 813 Ι
1340 752 1510 815 Λῦρελ.
1526 752 1701 812 Ἐμιλία
1724 758 1791 812 τῷ

83 817 335 880 ἂειμνήστῳ
347 824 351 876 ζ
365 819 491 880 ἇνδρὶ
507 826 771 880 παρθενικῷ
786 823 864 881 τὴν
881 824 1041 883 στήλην
1058 820 1332 883 ἇν[έ]Ιθηκεν.
1362 830 1509 881 Χαῖρε
1523 823 1789 881 παροδεῑτα.

200 890 321 924 Tomis
342 902 416 935 rep.
442 891 518 934 (111
536 891 573 926 S.
595 893 683 926 7549
702 896 844 935 partem
859 893 953 926 vidit
965 892 1262 937 Domaszewslri).
1286 913 1331 918 —
1356 895 1389 936 1)
1412 893 1560 928 Scilicet
1578 893 1792 936 provinciae

82 945 252 990 Scythiae
273 948 314 980 in
337 958 408 991 qua
429 946 584 988 suerunt
609 948 720 982 Tomi.

196 1024 311 1072 1002
353 1027 593 1070 Saturninus
630 1032 847 1085 centengar.
886 1043 934 1070 ex
971 1031 1036 1070 ofl'.
1076 1031 1199 1083 praef.
1239 1031 1333 1070 lllir.
1360 1029 1369 1083 Ι
1398 1031 1493 1070 Dae.
1530 1029 1635 1082 rip.¹‚
1674 1029 1789 1069 amici

68 1094 203 1134 thore²
230 1107 273 1135 se
313 1095 431 1136 ultus.

197 1093 417 1195 Congu-diae
439 1173 512 1206 rep.
539 1162 597 1206 (V
610 1164 693 1198 8774
719 1165 811 1199 vidit
831 1164 1054 1209 Mommsen).
1071 1184 1114 1189 —-
1141 1167 1175 1207 1)
1194 1164 1347 1199 Videtur
1361 1163 1663 1198 Samminussub
1685 1173 1790 1206 prae-

82 1216 175 1257 fecto
198 1217 342 1262 Illyrici
364 1221 417 1252 ita
439 1219 656 1261 militavisse,
680 1225 723 1254 ut
735 1221 873 1255 Daciae
894 1223 1050 1266 ripensis
1073 1222 1423 1255 administrationem
1441 1221 1671 1263 potissimum
1693 1222 1790 1253 trac·

82 1276 177 1307 taret
201 1273 289 1317 (Mo.
314 1275 351 1309 C.
377 1275 419 1310 V.
438 1287 477 1319 p.
500 1276 616 1321 4060).
639 1296 684 1302 -
709 1279 743 1318 2)
766 1278 1026 1321 Expectaveris
1049 1288 1129 1311 eura
1153 1281 1219 1311 aut
1241 1287 1345 1322 opera
1369 1276 1488 1321 (Hm).

197 1353 311 1399 1963
355 1356 422 1396 hie
451 1357 603 1409 positus
632 1364 692 1398 est
720 1357 913 1398 Maximus
941 1359 1010 1410 qui
1035 1357 1042 1412 Ι
1067 1358 1162 1398 vixit
1189 1370 1320 1398 annus
1347 1371 1388 1410 p.
1420 1358 1487 1397 m.¹
1520 1356 1641 1405 LXX,
1671 1369 1789 1410 prae-

82 1423 236 1476 positus
260 1424 268 1472 Ι
294 1423 343 1463 de
372 1424 431 1463 via
462 1424 664 1464 Flabinia²
694 1429 789 1473 (sie).
817 1423 823 1479 Ι
860 1426 954 1467 Loc.
986 1425 1246 1466 Filicessimes
1275 1433 1372 1472 (stc).

193 1488 327 1522 Romae
348 1499 423 1532 rep.
446 1490 497 1522 ad
518 1492 613 1523 viam
627 1491 850 1525 Flaminiam
872 1494 911 1525 in
935 1494 1143 1525 coemeterio
1160 1495 1316 1525 veterum
1340 1494 1632 1534 christianorum,
1655 1492 1790 1524 litteris

79 1545 217 1579 saeculi
231 1546 292 1579 IV
302 1547 469 1578 exeuntis
491 1547 548 1578 vel
564 1547 602 1579 V
616 1548 775 1581 ineuntis
792 1549 853 1591 (de
867 1548 971 1582 Rossi
992 1548 1077 1582 buu.
1102 1559 1189 1582 com.
1204 1548 1294 1582 4888
1313 1559 1350 1592 p.
1365 1550 1449 1583 253.
1464 1549 1562 1591 257).
1608 1547 1652 1580 In
1675 1548 1790 1581 altera

75 1604 185 1645 parte
218 1602 374 1634 eiusdem
409 1601 540 1644 lapidis
569 1602 706 1645 legitur
740 1606 867 1638 titulus
896 1606 1009 1638 multo
1042 1607 1230 1648 antiquior
1258 1604 1304 1638 Ν.
1335 1604 1483 1638 Fresidi
1514 1604 1713 1638 Sabbiom's.
1742 1623 1791 1629 —

85 1660 118 1697 1)
140 1658 225 1691 Pius
238 1660 369 1692 minus.
386 1678 427 1683 -—
454 1660 488 1701 2)
504 1659 609 1693 Hunc
627 1663 872 1704 praepositum
896 1662 939 1694 de
961 1663 1020 1694 via
1036 1661 1221 1694 Flaminia
1236 1661 1380 1695 Rossius
1400 1663 1508 1704 putat
1530 1671 1602 1693 esse
1625 1671 1672 1693 ea:
1684 1671 1793 1703 prae-

77 1717 207 1758 positis
231 1725 360 1749 cursus
378 1716 535 1760 publia}
555 1718 762 1750 memoralis
784 1718 824 1750 in
848 1718 969 1751 codice
997 1717 1242 1751 Theodosiana
1267 1717 1315 1761 (6,
1337 1718 1396 1761 29,
1417 1719 1450 1751 9.
1473 1719 1507 1759 8,
1529 1718 1563 1758 5,
1586 1717 1663 1760 55).

197 1872 312 1919 1964
356 1874 555 1916 Barnaeus
580 1874 587 1929 Ι
613 1875 662 1916 de
691 1877 836 1916 familia
860 1877 868 1929 Ι
893 1876 1040 1929 public.
1070 1889 1154 1929 reg.
1185 1876 1299 1916 VIII.¹

195 1939 327 1974 Romae
343 1942 415 1981 (Vl
426 1943 520 1976 2342
532 1943 702 1976 viderunt
716 1944 867 1986 Pighius
882 1945 918 1975 et
930 1942 1111 1988 Smetius).
1130 1963 1173 1968 —
1193 1946 1224 1986 1)
1239 1943 1295 1976 De
1307 1942 1454 1983 familia
1467 1943 1612 1986 publica
1627 1945 1789 1986 regionis

81 1999 228 2029 octavae
252 1995 318 2039 (cf.
343 1997 535 2031 Mommsen
557 1999 711 2034 Staatsr.
736 1999 777 2032 1³
798 2011 834 2043 p.
857 1999 959 2043 528).

195 2074 309 2120 1965
355 2081 430 2124 (oir-
445 2086 587 2125 togatus
602 2094 683 2116 cum
696 2084 846 2116 muliere
860 2087 895 2116 et
913 2089 1046 2127 puero)
1066 2080 1126 2120 dis
1144 2081 1327 2120 manibus
1347 2082 1353 2133 Ι
1378 2079 1546 2120 Graniae
1560 2079 1787 2126 Faustinae,

82 2141 90 2196 Ι
119 2144 214 2183 fecit
234 2144 358 2197 Papi.¹
389 2158 465 2185 ser.
492 2144 499 2199 Ι
526 2146 707 2198 publicus
735 2146 809 2186 sibi
839 2153 878 2186 et
903 2146 910 2199 Ι
937 2147 1211 2187 contubernali
1246 2159 1339 2188 suae
1365 2146 1372 2201 Ι
1398 2147 1621 2187 carissimae
1647 2146 1655 2198 Ι
1680 2148 1785 2188 bene

82 2212 251 2252 merenti
284 2212 332 2251 de
363 2225 417 2259 se,
443 2214 450 2265 Ι
477 2214 724 2266 posterisque
750 2213 757 2266 Ι
782 2226 955 2254 aeorum.

194 2277 327 2311 Romae
350 2279 422 2318 (VI
442 2280 562 2321 2565).
585 2299 629 2304 —-
655 2282 687 2321 1)
713 2282 853 2323 Papias.
870 2299 914 2305 —
930 2279 1026 2313 Nota
1049 2291 1191 2313 servum
1211 2280 1395 2323 publicum
1418 2283 1505 2322 toga
1530 2281 1714 2321 vestinum·
1738 2279 1789 2320 cl'.

81 2333 151 2368 Ha.
175 2334 327 2368 Staatsr.
353 2334 395 2367 1³
415 2345 451 2378 p.
474 2335 555 2368 524.

194 2401 307 2447 1966
349 2404 474 2444 Cerdo
500 2402 507 2456 Ι
533 2404 796 2445 Aemilianus¹
824 2404 831 2459 Ι
858 2405 1041 2457 publicus
1071 2404 1196 2444 cens.¹

193 2470 326 2503 Romae
349 2481 421 2514 rep.
455 2470 504 2502 ad
535 2472 629 2502 viam
654 2471 806 2512 Appiam
839 2470 908 2513 (VI
929 2472 1027 2505 2553
1053 2470 1153 2511 ‚vidit
1175 2469 1345 2513 flamm).
1372 2489 1412 2494 —
1442 2472 1472 2512 1)
1496 2470 1594 2503 Idem
1615 2481 1789 2504 memora-

81 2528 142 2559 tur
166 2525 216 2558 VI
238 2527 340 2560 2540.
365 2545 407 2551 ——
432 2528 467 2567 2)
490 2526 731 2568 Significatur
753 2526 846 2558 idem
871 2537 997 2559 munus
1021 2526 1118 2569 quod
1139 2525 1242 2565 infra
1266 2525 1311 2562 Ν.
1335 2526 1429 2560 1967.

194 2604 307 2651 1967
350 2607 485 2647 Bonus
522 2612 697 2646 eventus.
730 2628 782 2634 —
815 2605 821 2656 Ι
848 2606 953 2646 Have
984 2607 1117 2647 Victor
1147 2606 1339 2647 Fabianei
1379 2632 1434 2637 —-
1465 2607 1511 2647 ni
1542 2619 1610 2647 vos
1642 2607 1649 2659 Ι
1683 2606 1788 2647 bene

81 2674 239 2722 faciant,
260 2675 387 2722 amici,
409 2681 447 2714 et
462 2687 543 2721 vos,
564 2674 745 2719 viatores,
762 2678 768 2724 Ι
793 2674 963 2714 habeatis
977 2674 1073 2715 deos
1088 2674 1301 2727 propitios!
1332 2676 1399 2727 qui
1419 2675 1614 2714 Victorem
1631 2672 1639 2728 Ι
1656 2674 1787 2726 publi-

82 2753 172 2782 cum
203 2741 420 2781 Fabianum
458 2754 478 2780 a
509 2741 694 2781 censibus
723 2751 761 2791 p.
793 2740 853 2779 R.¹
884 2754 965 2781 non
991 2744 1000 2791 Ι
1024 2743 1258 2795 praeteritis.
1315 2742 1418 2782 Salvi
1449 2742 1562 2788 eatis,
1601 2741 1695 2780 salvi
1725 2754 1789 2781 re·

81 2808 216 2857 demis,
246 2815 285 2848 et
310 2811 317 2858 Ι
342 2822 410 2848 vos
440 2809 507 2860 qui
537 2821 599 2848 me
629 2808 828 2848 coronatis
855 2809 915 2848 vel
945 2810 1062 2850 flores
1087 2808 1094 2863 Ι
1120 2810 1281 2855 iactatis,
1313 2809 1445 2848 multis
1479 2809 1596 2847 annis
1625 2808 1785 2848 faciatis.

84 2874 169 2928 -Ι
201 2876 334 2916 Victor
372 2876 568 2916 Fabianus
605 2875 698 2915 fecit
735 2875 808 2915 sibi
848 2874 919 2930 et}
952 2876 1107 2918 Asiniae
1142 2877 1183 2917 C.
1215 2878 1241 2916 f.
1273 2875 1444 2915 Sabinae
1481 2875 1595 2914 uxori
1636 2882 1677 2915 et
1710 2874 1718 2927 Ι
1746 2876 1786 2916 C.

82 2942 217 2982 Asinio
238 2943 442 2983 Valeriano
473 2948 510 2982 et
537 2942 543 2996 Ι
570 2942 800 2995 parentibus
820 2943 904 2984 eius
934 2943 975 2983 C.
997 2944 1133 2984 Asinio
1155 2940 1372 2996 valler-iano
1402 2948 1441 2982 et
1471 2942 1596 2982 Attiae
1616 2942 1786 2983 Sabinae

88 3008 95 3061 Ι
126 3015 164 3049 et
193 3009 323 3050 libert.
354 3010 649 3062 libertabusque
674 3007 681 3064 Ι
707 3010 953 3063 posterisque
983 3022 1133 3050 eorum.
1161 3010 1167 3063 Ι
1195 3010 1242 3049 Η.
1274 3022 1325 3049 m.
1356 3009 1393 3048 d.
1426 3022 1477 3049 m.
1509 3021 1543 3049 a.

153 3078 281 3113 Dnsuu,
301 3080 519 3117 inscriptiones
537 3080 675 3110 Latinae.
1471 3076 1514 3109 25
