1968 3268
499 71 616 108 'rituli
636 71 797 108 virorum
820 73 859 107 et
880 69 1071 106 mulierum
1095 68 1235 105 ordinis
1257 67 1446 105 senatorii.
1737 61 1827 107 '279

503 187 667 228 meliora
696 186 827 227 reddis
857 198 975 238 quam
1003 185 1171 238 legendo
1200 184 1456 237 sumpseras!3
1506 222 1509 223 γ

501 257 578 296 Sed
607 257 680 297 ista
711 267 848 308 parva:
879 261 922 294 tu
951 255 1041 307 pius
1069 249 1268 309 m[y]stos⁷
1295 253 1417 293 sacris

500 325 628 365 teletis
656 329 813 376 reperta
843 322 986 362 mentis
1014 333 1159 362 arcano
1188 321 1348 373 premis,

410 399 448 432 15
506 393 716 444 divumque
746 403 893 430 numen
922 389 1127 442 multiplex
1156 389 1295 429 doctus
1323 388 1432 436 colis,

502 461 648 501 sociam
676 459 851 511 benigne
881 457 1091 510 coniugem
1121 462 1287 496 nectens
1315 457 1450 506 sacris,

501 528 707 568 hominum
737 527 934 578 deumque
964 525 1163 566 consciam
1193 536 1239 564 ac
1268 524 1384 564 fidam
1415 525 1499 565 tibi.

502 596 605 643 Quid
636 608 746 636 nunc
774 595 950 635 honores
977 599 1044 632 aut
1072 597 1287 644 potestates
1316 591 1456 644 loquar

501 664 786 715 hominumque
814 662 915 702 votis
943 660 1113 713 adpetita
1142 660 1294 712 gaudia,

407 738 447 771 20
503 743 603 782 quae
633 738 676 771 tu
705 731 850 771 caduca
881 742 927 768 ac
956 740 1073 780 parva
1102 740 1260 780 semper
1288 734 1498 770 autumans

501 799 633 838 divum
662 798 846 839 sacerdos
875 796 1010 836 insulis
1039 796 1169 835 celsus
1198 794 1337 836 clues?

501 867 563 906 Tu
592 879 668 915 me,
697 867 848 912 marite,
878 864 1174 916 disciplinarum
1205 863 1314 904 bono

499 947 638 986 puram
669 946 715 974 ac
744 933 927 985 pudicam
956 939 1063 972 sorte
1093 932 1255 972 mortis⁸
1284 932 1472 979 eximens,

499 1003 538 1042 in
572 1002 716 1054 templa
745 1001 856 1041 ducis
886 1012 930 1040 ac
960 1001 1145 1040 famulam
1175 999 1273 1040 divis
1301 1000 1428 1049 dicas;

400 1076 439 1110 25
495 1076 535 1110 te
563 1076 662 1110 teste
692 1069 847 1110 cunctis
877 1069 1034 1108 imbuor
1062 1068 1277 1121 mysteriis3

496 1145 541 1178 tu
570 1138 836 1191 Dindymenes
866 1133 1103 1192 Atteosqu[c]
1133 1136 1348 1176 antistitem

499 1206 628 1247 teletis
656 1206 832 1246 honoras
862 1206 1010 1245 taureis
1039 1217 1204 1245 consors
1234 1204 1345 1256 pius;

501 1273 667 1314 Hecates
701 1274 918 1314 ministram
949 1273 1053 1313 trina
1082 1278 1233 1312 secreta
1264 1272 1405 1311 edoces

500 1341 731 1394 Cererisque
763 1343 900 1382 Graiae
928 1349 972 1382 tu
1002 1341 1123 1381 sacris
1151 1340 1308 1391 dignam
1339 1352 1467 1391 paras.

404 1416 444 1449 30
500 1409 555 1448 Te
585 1418 750 1462 propter
781 1411 910 1451 omnis
939 1422 1002 1450 me
1032 1409 1199 1455 beatam,
1229 1420 1293 1447 me
1322 1407 1426 1460 piam

498 1476 712 1525 celebrant,
744 1478 850 1530 quod
880 1478 964 1530 ipse
993 1490 1056 1516 me
1085 1476 1231 1516 bonam
1261 1475 1491 1515 disseminas

502 1549 627 1584 totum
658 1558 730 1597 per
759 1545 917 1585 orbem:
947 1545 1081 1596 ignota
1113 1556 1259 1584 noscor
1288 1543 1486 1583 omnibus.

501 1612 598 1651 Nam
629 1619 667 1652 te
698 1613 836 1652 marito
866 1613 958 1652 cur⁹
986 1612 1142 1664 placere
1172 1624 1254 1651 non
1285 1609 1458 1662 queam?

501 1678 733 1732 Exemplum
744 1681 773 1702 ¹⁰
801 1681 849 1720 de
880 1693 942 1720 me
971 1680 1160 1720 Romulae
1189 1686 1333 1719 matres
1360 1683 1502 1731 petunt

406 1753 445 1786 85
501 1747 760 1800 subolemque
789 1748 1007 1800 pulchram,
1038 1748 1070 1788 si
1100 1754 1190 1787 tuae
1219 1747 1367 1794 similis,
1397 1752 1550 1799 putant.

502 1815 651 1868 Optant
679 1817 929 1869 probantque
960 1827 1070 1856 nunc
1101 1815 1182 1862 viri,
1215 1827 1323 1855 nunc
1352 1815 1533 1859 feminae,

501 1895 600 1935 quae
631 1890 673 1923 tu
704 1884 890 1936 magister
918 1883 1092 1924 indidisti
1122 1883 1305 1935 insignia.
1379 1927 1384 1944 1

502 1950 572 1991 His
602 1964 711 1992 nunc
740 1952 931 2004 ademptis
961 1957 1107 1991 maesta
1136 1951 1313 1990 coniunx
1341 1962 1533 1998 maceror,

501 2018 604 2068 felix,
634 2020 816 2059 maritum
846 2020 879 2060 si
908 2019 1158 2072 superstitem
1188 2019 1283 2058 mihi

406 2092 445 2125 4ο
502 2086 579 2126 divi
607 2087 818 2135 dedissent,
847 2087 914 2128 sed
944 2094 1073 2127 tamen
1105 2087 1209 2134 felix,
1240 2094 1307 2126 tua

502 2155 591 2206 quia
622 2168 709 2195 sum
738 2156 873 2207 fuique
901 2161 1070 2208 postque
1100 2162 1266 2194 mortem
1295 2167 1386 2194 mox
1415 2166 1498 2194 ero.

230 2218 361 2252 Romae
384 2222 422 2252 in
438 2230 558 2253 museo
575 2221 786 2264 Capitolino,
810 2223 985 2254 incertum
1000 2232 1069 2264 quo
1087 2222 1163 2254 loco
1179 2224 1333 2264 reperta,
1358 2222 1452 2254 basis
1467 2230 1599 2262 magna
1615 2230 1816 2253 marmorea

118 2277 188 2317 (VI
219 2277 301 2310 4779
332 2276 442 2309 deser.
466 2277 637 2318 limen).
693 2278 758 2311 Est
794 2279 919 2311 titulus
955 2278 1165 2320 sepulcralis
1197 2278 1311 2320 Vetti,
1336 2278 1558 2310 staeteaetaei
1586 2275 1632 2309 N.
1663 2277 1754 2310 4258
1785 2281 1819 2309 et

116 2335 245 2367 uxoris
268 2336 344 2366 eius
367 2334 525 2366 Aeoniae
547 2333 684 2366 Fabiae
708 2334 893 2367 Paullinae
916 2333 981 2374 (cll
1004 2333 1050 2367 N.
1074 2334 1189 2376 4260).
1237 2333 1405 2367 Carmina
1431 2334 1603 2366 tractavit
1625 2332 1818 2366 Buecheler

117 2390 191 2423 ind.
207 2390 315 2423 schol.
331 2389 464 2434 Gryplz.
482 2393 568 2424 aest.
586 2390 668 2423 4870
680 2400 718 2432 p.
731 2390 787 2424 45.
799 2409 843 2414 -
864 2391 894 2431 1)
911 2390 1120 2424 Sacer-dotia
1135 2391 1358 2423 Praetextati
1373 2393 1555 2422 enumerat
1572 2391 1679 2423 eliam
1693 2389 1818 2422 titulus

117 2448 152 2479 ei
164 2448 301 2489 positus
318 2445 371 2479 VI
383 2446 477 2479 4778.
493 2465 538 2470 --
562 2446 595 2487 2)
620 2444 676 2485 Cr.
694 2457 804 2488 supra
828 2445 874 2480 Ν.
894 2447 984 2480 4258
999 2450 1073 2480 not.
1089 2448 1107 2480 4
1121 2458 1192 2489 seq.
1209 2465 1251 2471 —
1277 2446 1311 2486 3)
1338 2446 1488 2479 Videtur
1501 2446 1726 2478 scribendum
1751 2445 1817 2486 Vll,

118 2513 197 2536 eum
226 2504 264 2535 in
298 2502 400 2535 tilulo
428 2502 473 2536 N.
497 2503 588 2536 4258
617 2502 763 2535 dicatur
793 2503 932 2545 legatus
960 2504 1098 2545 septies.
1131 2521 1176 2527 —
1207 2503 1241 2541 4)
1264 2502 1318 2534 De
1341 2502 1553 2535 sacerdotiis
1575 2502 1747 2536 Paulinae
1770 2501 1817 2541 cf.

118 2558 162 2594 Ν.
179 2559 276 2593 4260.
302 2579 343 2584 —
369 2561 404 2600 5)
431 2559 544 2593 Verba
568 2562 652 2591 sunt
668 2558 849 2592 Paulinae.
874 2578 917 2584 —
942 2559 976 2599 6)
1001 2561 1161 2601 Apparet
1184 2559 1451 2592 haetextatum
1475 2559 1703 2592 emendandis
1725 2563 1816 2591 vele-

117 2626 197 2649 rum
220 2618 436 2658 scriptorum
461 2615 641 2648 codicibus
665 2625 808 2658 operam
829 2615 964 2647 dedisse
980 2614 1044 2657 (cs.
1061 2615 1154 2648 Jalm
1170 2615 1251 2649 Ber.
1267 2615 1331 2648 der
1345 2616 1458 2649 siiclzs.
1479 2615 1554 2650 Ges.
1571 2615 1656 2649 4854
1672 2626 1706 2658 p.
1721 2615 1817 2658 54¹).

119 2690 160 2696 —
186 2673 219 2713 Ἰ)
244 2675 415 2705 movestoe
447 2672 537 2714 lapis
568 2671 785 2710 (emendavit
808 2671 955 2713 Haupt).
981 2690 1021 2695 —
1048 2672 1081 2713 8)
1105 2671 1166 2705 Sic
1190 2672 1280 2714 Iapis
1304 2666 1393 2714 (uon
1418 2672 1574 2715 morbis).
1600 2690 1643 2695 -
1669 2674 1702 2711 9)
1726 2671 1817 2704 For-

119 2730 210 2760 tasse
231 2738 299 2763 scr.
324 2728 377 2761 cni
403 2727 474 2771 (Jo.
499 2727 705 2771 Schrader).
731 2746 773 2751 -—
803 2730 856 2768 10)
881 2727 957 2761 Ser.
982 2728 1146 2771 exempla.

231 2839 346 2886 1260
388 2841 531 2881 Fabiae
561 2841 732 2880 Aconiae
766 2840 946 2880 Paulinae
976 2853 1011 2880 c.
1041 2842 1082 2887 f„
1119 2841 1220 2880 filiae
1251 2842 1396 2881 Aeonis
1426 2841 1607 2881 Catullini
1637 2854 1671 2879 v.
1704 2853 1738 2880 c.
1769 2853 1816 2880 ex

120 2910 242 2961 praes.
274 2915 312 2949 et
342 2909 503 2949 consule
525 2909 639 2953 ord.¹,
673 2908 782 2947 uxori
805 2908 904 2948 Vetti
930 2908 1164 2948 Praetextati
1194 2922 1228 2947 v.
1260 2922 1292 2948 c.
1325 2911 1446 2960 praef.
1478 2916 1517 2948 et
1546 2908 1718 2948 consulis
1748 2909 1816 2949 de-

121 2976 273 3028 signati,
303 2983 475 3017 sacratae
505 2976 607 3028 apud
631 2975 855 3015 Eleusinam
879 2975 953 3014 deo
976 2975 1114 3016 laccho
1136 2977 1266 3016 Cereri
1288 2983 1326 3015 et
1348 2976 1481 3018 Corae.
1512 2983 1682 3016 sacratae
1712 2977 1815 3029 apud
