1968 3268
436 162 548 198 Tituli
573 162 831 207 imperatorum
854 161 1053 206 domusque
1075 160 1344 206 imperatoriae.
1688 159 1742 199 67

112 311 457 374 Fragmentum
492 312 618 373 legis
653 327 778 375 quae
813 310 986 360 dicitur
1019 310 1080 360 de
1114 309 1314 373 imperio
1349 308 1658 373 Vespasiani.

148 412 235 459 244
279 414 463 455 foedusve
493 427 581 454 cum
613 413 758 466 quibus
776 413 881 453 volet
905 413 1033 452 facere
1053 411 1178 459 liceat,
1209 411 1259 451 ita
1280 411 1339 451 uti
1359 411 1470 452 licuit
1488 412 1577 452 divo
1598 413 1714 465 Aug„
1738 412 1743 467 Ι

36 482 96 523 Ti.
125 481 225 523 Iulio
255 482 408 523 Caesari
441 484 554 535 Aug„
585 482 825 534 Tiberioque
855 480 1016 521 Claudio
1047 479 1199 520 Caesari
1230 479 1330 532 Aug.
1361 479 1611 520 Germanico.
1637 479 1645 533 Ι

148 551 293 604 Utique
312 550 347 590 ei
367 556 547 592 senatum
568 550 725 598 habere,
755 549 988 590 relationem
1011 549 1153 597 facere,
1183 549 1395 597 remittere,
1425 555 1587 590 senatus
1610 547 1618 602 Ι
1644 561 1745 589 con·

34 619 136 660 sulta
165 631 238 672 per
267 619 498 659 relationem
519 618 879 669 discessionemque
903 617 1034 656 facere
1054 616 1181 663 liceat,
1207 616 1215 668 Ι
1240 616 1292 656 ita
1313 616 1369 656 uti
1389 616 1499 658 licuit
1518 616 1607 657 divo
1628 618 1744 669 Aug„

34 686 94 726 Ti.
126 687 224 727 Iulio
255 687 407 728 Caesari
436 687 552 740 Aug„
582 686 641 725 Ti.
672 685 834 725 Claudio
863 684 1018 724 Caesari
1044 682 1051 736 Ι
1078 686 1256 736 Augusto
1286 683 1535 724 Germanico.
1562 684 1571 738 Ι

146 755 312 807 Utique,
350 767 441 796 cum
470 767 518 795 ex
546 754 746 793 voluntate
774 751 1057 792 auctoritateve
1087 751 1194 791 iussu
1226 752 1459 792 mandatuve
1488 753 1573 793 eius
1598 751 1605 808 Ι
1630 765 1746 805 prae-

33 830 193 864 seuteve
222 835 271 863 eo
300 829 462 865 senatus
491 821 721 867 habebitur,
752 820 930 859 omnium
959 832 1092 859 rerum
1123 819 1185 859 ius
1214 819 1380 872 perinde
1406 820 1413 873 Ι
1439 820 1630 861 habeatur
1659 833 1744 861 ser-

34 898 159 942 vetur,
188 904 234 932 ac
262 891 296 932 si
325 904 348 932 e
376 892 464 944 lege
493 896 653 931 senatus
683 889 834 929 edictus
863 894 966 928 esset
996 886 1298 939 habereturque.
1325 886 1333 941 Ι

145 959 289 1012 Utique
326 973 427 1013 quos
463 960 729 1012 magistratum
764 962 1002 1010 potestatem
1033 955 1242 1008 imperium
1274 956 1569 996 curationemve
1595 957 1602 1010 Ι
1627 958 1741 998 cuius

31 1028 91 1068 rei
118 1033 301 1080 petentes
331 1028 484 1069 senatui
514 1027 742 1080 populoque
773 1019 1338 1071 Romano‘commendaverit,
1372 1022 1379 1077 Ι
1405 1025 1629 1078 quibusque
1659 1027 1743 1066 suf-

30 1096 291 1150 fragationem
328 1108 438 1136 suam
476 1095 628 1135 dederit
663 1093 910 1146 promiserit,
957 1104 1094 1132 eorum
1130 1089 1137 1144 Ι
1169 1091 1324 1132 comitis
1369 1092 1593 1145 quibusque
1632 1101 1742 1133 extra

33 1164 213 1204 ordinem
243 1164 344 1204 ratio
373 1163 575 1204 habeatur.
603 1162 610 1215 Ι

142 1232 286 1285 Utique
316 1232 351 1272 ei
382 1233 482 1272 fines
511 1230 676 1284 pomerii
707 1230 888 1283 proferre
917 1239 1164 1281 promovere,
1194 1240 1284 1268 cum
1311 1241 1358 1268 ex
1378 1229 1584 1282 republica
1610 1227 1617 1283 Ι
1643 1242 1739 1270 cen-

28 1299 131 1341 sebit
159 1313 259 1349 esse,
289 1300 415 1348 liceat,
446 1300 499 1340 ita
528 1299 584 1339 uti
614 1298 738 1346 licuit,
768 1298 828 1337 Ti.
859 1296 1019 1337 Claudio
1051 1295 1205 1336 Caesari
1235 1298 1334 1350 Aug.
1361 1298 1369 1347 Ι
1395 1297 1660 1338 Germanico}
1687 1297 1695 1351 Ι

140 1368 286 1421 Utique
314 1380 574 1421 quaecunque
606 1380 653 1406 ex
682 1379 756 1407 usu
786 1364 1028 1418 reipublicae
1058 1364 1261 1405 maiestate
1291 1365 1512 1406 divinarum
1548 1364 1555 1420 Ι
1580 1363 1739 1422 hum[a-

27 1432 208 1491 n]arum²
235 1436 481 1489 publicarum
507 1436 824 1488 privatarumque
844 1446 978 1473 rerum
1001 1432 1113 1473 esse'
1137 1434 1144 1482 1
1171 1432 1364 1482 censebit,
1395 1434 1430 1473 ei
1460 1446 1578 1485 agere
1608 1435 1738 1474 facere

28 1502 90 1544 ius
118 1509 372 1556 potestasque
392 1505 454 1552 sit,
484 1504 535 1543 ita
556 1505 614 1544 uti
635 1503 721 1542 divo
743 1504 856 1554 Aug„
883 1500 890 1554 Ι
915 1500 1155 1552 Tiberioque
1178 1500 1276 1540 Iulio
1298 1501 1451 1541 Caesari
1474 1503 1588 1554 Aug„
1618 1502 1737 1542 Tibe-

28 1571 170 1623 rioque
201 1571 362 1612 Claudio
392 1571 544 1611 Caesari
571 1568 577 1623 Ι
604 1571 703 1623 Aug.
734 1569 971 1622 Germanico
999 1568 1085 1608 suit..
1111 1566 1118 1620 Ι

141 1639 286 1692 Utique
316 1639 460 1692 quibus
489 1638 641 1690 legibus
670 1637 846 1689 plebeive
877 1636 984 1677 scitis
1013 1636 1204 1688 scriptum
1236 1637 1331 1684 fuit,
1372 1649 1422 1675 ne
1451 1635 1564 1676 divus
1594 1637 1693 1688 Aug.
1725 1634 1732 1689 Ι

27 1707 254 1748 Tiberiusve
283 1707 404 1747 lulius
435 1706 576 1746 Caesar
604 1707 717 1757 Aug,
748 1705 1009 1756 Tiberiusque
1040 1704 1224 1744 Claudius
1254 1704 1394 1744 Caesar
1414 1704 1512 1757 Aug.
1540 1704 1546 1755 Ι
1574 1704 1736 1744 Germa·

0 1774 142 1815 ..nicus
180 1780 431 1823 tenerentur,
470 1775 518 1815 iis
555 1774 707 1826 legibus
745 1773 952 1825 plebisque
989 1772 1096 1812 scitis
1131 1772 1224 1824 imp.
1261 1772 1404 1812 Caesar
1436 1772 1734 1824 flVespasianus

26 1842 179 1884 solutus
207 1843 279 1891 sit,
309 1856 488 1895 quaeque
518 1855 565 1882 ex
596 1854 753 1894 quaque
781 1841 869 1893 lege
898 1841 1105 1892 rogatione
1138 1838 1145 1893 Ι
1172 1840 1303 1880 divum
1334 1842 1452 1892 Aug,
1482 1840 1734 1880 Tiheriumve

0 1955 5 1959 s
26 1909 168 1951 lulium
189 1910 391 1951 Caesarem
414 1911 527 1963 Aug„
557 1910 804 1949 Tiberiumve
829 1907 836 1962 Ι
863 1908 1066 1948 Claudium
1089 1908 1292 1948 Caesarem
1323 1909 1422 1961 Aug.
1454 1908 1732 1948 Germanicum

25 1978 157 2019 facere
187 1979 384 2031 oportuit,
420 1977 426 2031 Ι
452 1991 495 2019 ea
531 1978 662 2017 omnia
693 1977 786 2030 imp.
819 1976 971 2016 Caesari
1002 1976 1241 2028 Vespasiano
1273 1978 1371 2029 Aug.
1404 1977 1531 2016 facere
1560 1976 1689 2016 liceat.
1723 1974 1730 2030 Ι

140 2045 282 2098 Utique
330 2058 430 2098 quae
484 2051 575 2086 ante
622 2047 723 2086 hanc
768 2046 894 2097 legem
935 2052 1108 2096 rogatam
1150 2050 1235 2084 acta
1270 2050 1379 2096 gesta
1414 2042 1422 2098 Ι
1454 2044 1611 2085 decreta
1656 2045 1729 2084 im-

0 2110 158 2166 sstperata
189 2113 239 2153 ab
268 2114 505 2166 imperatore
535 2114 700 2154 Caesare
729 2112 968 2165 Vespasiano
999 2114 1112 2165 Aug„
1146 2110 1154 2165 Ι
1186 2113 1294 2152 iussu
1329 2113 1563 2153 mandatore
1594 2114 1678 2154 eius
1708 2126 1729 2152 a

0 2193 184 2234 quoque
213 2188 317 2229 sunt,
348 2194 392 2221 ea
421 2182 585 2234 perinde
616 2182 714 2221 iusta
745 2182 939 2233 rataq(ue)
965 2180 972 2235 Ι
998 2181 1077 2221 sint
1111 2193 1156 2220 ac
1186 2181 1218 2220 si
1249 2181 1383 2232 populi
1415 2180 1589 2232 plebisve
1619 2182 1729 2221 iussu

0 2254 110 2290 ructa
139 2255 285 2290 essent.
312 2250 318 2302 Ι

753 2314 963 2366 Sanctio.
996 2316 1002 2377 Ι

5 2438 18 2445 ,,
138 2397 179 2437 Si
210 2396 298 2449 quis
327 2396 492 2436 huiusce
521 2395 620 2447 legis
649 2408 742 2447 ergo
772 2395 957 2436 adversus
996 2395 1102 2446 leges
1133 2394 1358 2446 rogationes
1388 2394 1560 2447 plebisve
1589 2395 1687 2434 scita
1717 2393 1724 2449 Ι

0 2455 230 2522 {nenatusve
250 2464 429 2505 consulta
451 2463 543 2503 fecit
562 2463 712 2509 fecerit,
742 2464 834 2511 sive,
865 2463 968 2515 quod
991 2475 1080 2503 eum
1102 2475 1147 2502 ex
1174 2463 1260 2515 lege
1290 2463 1495 2515 rogatione
1521 2471 1528 2515 Ι
1555 2462 1727 2515 plebisve

0 2523 130 2586 {scito
152 2535 389 2583 s(enatus)ve
420 2531 634 2584 c(onsulto)
665 2531 792 2570 facere
814 2531 1023 2583 oportebit,
1056 2543 1136 2570 non
1161 2531 1296 2570 fecerit
1325 2531 1443 2571 buius
1462 2531 1559 2583 legis
1584 2533 1591 2583 Ι
1617 2536 1725 2584 ergo,

0 2594 67 2649 aad
94 2600 131 2640 ei
161 2613 211 2641 ne
241 2601 364 2640 fraudi
395 2607 501 2647 esto,
540 2611 637 2639 neve
666 2598 751 2651 quit
780 2598 832 2638 ob
862 2610 945 2638 eam
977 2609 1059 2637 rem
1090 2598 1238 2650 populo
1268 2599 1360 2638 dare
1390 2598 1552 2647 (lehem,
1585 2598 1593 2653 Ι
1629 2613 1725 2640 nete

0 2670 89 2709 tm
117 2667 165 2708 de
194 2680 239 2707 ea
269 2680 311 2707 re
342 2668 443 2708 actio
476 2680 572 2707 neve
602 2666 783 2706 iudicatio
823 2672 926 2713 esto,
966 2678 1063 2706 neve
1102 2666 1190 2718 quis
1227 2666 1275 2706 de
1315 2679 1359 2706 ea
1401 2679 1443 2707 re
1482 2668 1583 2719 apud
1621 2665 1724 2723 {[s]e

0 2710 39 2767 5³³
75 2733 85 2741 “
114 2734 247 2775 sinito.

19 2827 38 2849 ¹.ss
136 2799 277 2844 Romae,
293 2802 414 2835 tabula
430 2812 562 2844 magna
579 2811 701 2840 antea,
726 2811 748 2832 a
764 2799 916 2834 Nicolao
936 2801 1122 2834 Laurentii
1136 2798 1163 2840 Γ.
1183 2799 1286 2843 (Cala
1306 2801 1345 2832 di
1361 2799 1503 2844 Bran-1)
1521 2802 1558 2833 in
1576 2800 1723 2834 ecclesia

0 2862 42 2909 ζ
103 2881 106 2884 -
135 2859 262 2891 auena*
283 2858 469 2900 collocata,
492 2858 598 2891 hodie
620 2858 658 2889 r'n
681 2867 799 2890 mmeo
825 2857 1025 2901 Capitolino
1056 2858 1247 2891 adservata
1272 2856 1340 2898 (VI
1361 2857 1458 2899 950).
1505 2858 1722 2890 Postremum

0 2910 54 2967 ᾗ
76 2932 78 2934 -
121 2924 140 2946 ο
158 2914 325 2958 pluribus
348 2925 439 2957 quae
460 2916 647 2958 perier-unt
670 2917 829 2956 apparet.
846 2933 889 2939 —
910 2913 1031 2948 Utrum
1048 2925 1095 2947 ea:
1111 2914 1186 2956 lege
1203 2912 1270 2955 (cf.
1285 2923 1319 2945 v.
1334 2913 1467 2955 5135)
1493 2914 1579 2946 haec
1601 2925 1723 2957 super-

119 2981 167 3003 em
182 2982 229 3004 ex
243 2974 388 3004 senatus
404 2971 578 3013 consulto,
602 2972 777 3013 quaesivit
799 2970 867 3004 Mo.
886 2970 1038 3005 Staatsr.
1058 2971 1140 3013 11p.
1156 2970 1230 3004 841.
1254 2988 1299 2993 —-
1328 2970 1357 3009 l)
1382 2967 1434 3007 CII
1458 2980 1568 3012 supra
1592 2969 1637 3003 Ν.
1653 2970 1723 3004 215

0 3032 36 3063 ¹'12
81 3025 181 3066 infra
205 3026 249 3062 N.
273 3029 349 3062 248.
375 3046 413 3052 —
441 3029 475 3069 2)
500 3028 686 3067 humarum,
721 3027 756 3068 3)
780 3036 855 3060 esse
878 3037 898 3060 e
923 3027 1056 3061 tabula.

1774 627 1795 659 5

1774 955 1811 988 1⁰

1768 1227 1807 1260 15
