1968 3268
268 69 384 108 Tituli
406 70 652 107 ministrorum
676 70 804 106 domus
834 70 1026 115 Augustae
1050 69 1275 106 condicionis
1297 69 1492 106 libertinae
1514 73 1553 106 et
1575 70 1726 106 servilis.
1768 68 1851 108 359
1899 81 1903 83 ’

260 184 373 233 1776
416 187 457 228 C.
496 186 596 226 lulio
627 185 845 239 Chrysanto
871 183 878 239 Ι
902 183 968 240 (et
1000 185 1045 225 P.
1075 185 1209 226 Aelius
1237 186 1339 238 Aug.
1375 185 1443 225 lib.
1473 184 1698 238 Eutychus,
1736 197 1853 238 prae-

144 256 300 309 positus
326 255 466 295 velaris
491 253 499 309 Ι
523 253 803 302 castrensibus,
834 253 928 292 fecit
957 258 996 292 et
1025 252 1100 293 sihi
1129 258 1169 292 et
1196 252 1279 293 suis
1306 253 1557 306 posterisque
1586 250 1775 308 eorum).¹

262 323 304 364 C.
323 322 422 363 Iulio
443 322 660 375 Chrysanto
682 318 688 375 Ι
710 321 866 361 aedituo
896 320 1037 373 collegi
1065 317 1515 376 tabernalclarioriorum
1535 324 1621 369 (sic)
1649 319 1854 374 donatlum

141 391 219 432 sihi
250 391 383 431 locum
413 403 532 442 quem
560 387 671 443 pesstit
700 388 768 428 ar²
796 388 1014 441 Trophimo
1044 388 1224 437 inmune,
1254 400 1372 440 quem
1400 388 1515 429 iussit
1542 388 1609 428 εει*
1636 388 1809 440 pecunia
1841 386 1849 443 Ι

145 460 276 499 facere
305 458 380 498 sibi
409 464 449 498 et
478 458 587 497 fieis⁴
614 456 696 497 suis
722 453 729 509 Ι
754 461 794 495 et
822 455 995 507 coniugi.

258 524 390 558 Romae
419 526 459 557 in
482 523 601 557 eodem
625 522 844 555 columbario
866 523 907 554 in
929 532 1000 564 quo
1022 521 1069 556 Ν.
1092 523 1199 565 4588,
1230 524 1270 555 in
1292 521 1456 555 aediwla
1479 521 1635 564 quadam
1667 521 1740 565 (VI
1757 522 1851 556 5485

142 581 238 614 vidit
259 581 431 625 amun).
462 599 507 605 —
538 582 571 622 1)
597 579 713 614 Verba
736 581 840 612 uncis
863 578 1002 612 inclusa
1031 581 1150 612 aetate
1168 579 1369 622 podet-iore
1392 580 1509 611 incisa
1539 580 1633 612 sunt.
1656 597 1703 603 —
1734 579 1769 620 2)
1792 578 1852 611 In-

142 638 288 680 tellege.-
312 638 367 679 ab,
392 639 426 678 3)
450 646 522 679 sua,
545 638 580 677 4)
603 634 716 670 filicis.

258 726 370 772 1777
413 741 462 768 ex
498 728 615 767 domo
647 726 856 767 Caesarum
882 725 888 779 Ι
914 726 1092 766 libertor.
1131 732 1171 765 et
1207 738 1356 766 servor.
1382 726 1390 780 Ι
1417 726 1522 778 quod
1560 733 1620 767 est
1658 727 1799 780 collegi
1841 725 1848 782 Ι

142 796 530 837 tabernaclariorum.
699 854 702 858 .

256 861 388 896 Romae
409 873 484 906 rep.
508 866 550 896 ut
570 861 714 894 videtur
734 861 783 894 ad
802 863 900 894 viam
922 861 1090 904 Appiam,
1112 859 1269 900 fortasse
1289 861 1341 893 ibi
1363 861 1427 893 ubi
1448 859 1494 894 N.
1517 860 1590 903 447,
1611 871 1709 893 nunc
1732 861 1850 894 Bono-

140 920 225 951 niae
259 918 330 961 (Vl
354 920 446 952 9055
475 917 522 958 ef.
546 919 731 952 Bor-mann
765 919 863 951 arch.
896 928 949 961 ep.
978 917 1096 952 Mittit.
1119 917 1175 958 45,
1199 917 1285 950 4890
1314 927 1351 960 p.
1374 916 1437 950 440
1445 929 1460 957 ,·
1488 916 1619 950 similis
1649 919 1702 950 est
1723 917 1852 950 titubas

140 974 198 1008 VJ
214 976 307 1008 9053
316 978 363 1017 ⁰).

255 1063 369 1111 1778
412 1065 454 1105 C.
484 1065 608 1105 Iulius
637 1065 714 1104 divi
744 1065 842 1116 Aug.
880 1065 907 1104 1.
935 1062 942 1119 Ι
968 1064 1135 1104 Cozmus
1165 1068 1250 1112 (sic)
1290 1064 1508 1117 speclaria.¹
1535 1063 1543 1118 Ι
1568 1064 1849 1117 Agrippianus‚

139 1135 205 1175 hic
236 1134 334 1175 situs
364 1139 435 1173 est.
462 1133 469 1188 Ι
497 1133 537 1173 C.
568 1133 690 1173 Iulius
721 1132 851 1173 Cosmi
880 1132 906 1172 l.
932 1131 941 1185 Ι
968 1131 1150 1172 Sabinus.

254 1200 386 1234 Romae
413 1202 453 1233 in
483 1200 604 1232 eodem
634 1199 852 1232 columbario
884 1200 926 1231 in
957 1209 1027 1242 quo
1058 1197 1103 1232 N.
1127 1198 1217 1231 4588
1249 1197 1318 1241 (VI
1346 1199 1440 1232 5202
1471 1198 1567 1231 vidit
1596 1197 1769 1242 Henzen).
1800 1215 1848 1224 —

142 1259 176 1300 1)
201 1258 368 1291 Eiusdem
393 1256 509 1290 Coum·
529 1255 783 1298 specular-tarci
805 1258 858 1287 est
880 1255 1008 1287 titulus
1031 1254 1151 1287 eodem
1176 1255 1254 1288 loco
1278 1257 1407 1288 extans
1431 1255 1487 1288 VJ
1502 1256 1608 1289 5203.

253 1346 367 1392 1779
411 1348 470 1388 dis
499 1347 644 1387 manib.
671 1348 678 1397 Ι
705 1346 764 1386 Ti.
786 1346 968 1387 Claudius
988 1346 1193 1399 Epictetus
1221 1343 1503 1403 praeposit[us]
1529 1345 1537 1401 Ι
1562 1346 1849 1399 speclariarior.

138 1416 283 1456 domus
312 1415 533 1464 Palatinar.,
567 1414 575 1468 Ι
601 1422 640 1455 et
679 1414 838 1454 Claudia
874 1413 1068 1467 Aphrosia
1097 1414 1244 1454 coiunx
1273 1413 1378 1462 eius,
1406 1412 1412 1466 Ι
1449 1414 1608 1454 Claudio
1646 1413 1847 1455 Servando

140 1484 194 1524 fil.
226 1484 420 1531 fecerunt,
450 1483 544 1522 vixit
574 1494 668 1522 ann.
696 1481 802 1521 XVII
832 1494 958 1522 mens.
989 1481 1058 1530 111,
1085 1482 1092 1530 Ι
1117 1482 1210 1521 item
1239 1481 1307 1521 lib.
1344 1482 1603 1534 libertabusq.
1634 1482 1846 1534 posterisq.

137 1547 322 1607 {eorum}
348 1549 355 1603 Ι
382 1549 497 1596 Quod
526 1549 560 1589 si
590 1549 799 1597 desierint,
837 1556 921 1589 tum
960 1549 1204 1589 discentibus
1233 1548 1477 1601 speclariaris
1510 1546 1675 1604 [domus]
1700 1548 1707 1602 Ι
1734 1549 1847 1590 Pala-

137 1619 340 1660 tinarum.¹

251 1684 383 1719 Romae
407 1683 480 1727 (VI
497 1684 586 1717 8659
602 1682 693 1715 vidit
708 1683 862 1725 Henzen,
878 1684 918 1715 in
932 1685 1039 1726 parte
1053 1693 1179 1716 aversa
1196 1685 1300 1715 extat
1314 1682 1440 1715 timlus
1454 1682 1666 1725 sepulcralis
1688 1683 1847 1717 aliorum

137 1741 350 1784 hominum).
365 1759 412 1765 -—
436 1741 469 1781 1)
489 1739 613 1774 Voluit
628 1739 747 1772 dicere
761 1739 958 1782 Epictetus,
981 1740 1016 1771 εἰ
1039 1738 1235 1781 aliquando
1250 1738 1345 1772 nulli
1359 1742 1473 1772 essent
1487 1750 1534 1772 ex
1547 1749 1614 1772 sua
1631 1739 1746 1780 domo,
1772 1743 1847 1773 tum

133 1796 340 1840 sepulcr-um
358 1798 544 1839 pertinere
568 1796 695 1829 debere
719 1795 768 1828 ad
789 1796 961 1829 discentes
984 1797 1061 1828 eius
1084 1797 1203 1828 coetus
1227 1798 1286 1828 cui
1307 1797 1383 1839 ipse
1399 1797 1630 1839 praepositus
1652 1794 1787 1835 fuerat.

252 1886 367 1932 1780
409 1888 446 1927 d.
476 1900 527 1927 m.
555 1887 562 1941 Ι
588 1887 734 1927 Falanx
759 1885 765 1941 Ι
791 1887 885 1927 vixit
922 1899 986 1926 an.
1016 1886 1108 1935 XX,
1142 1885 1150 1940 Ι
1175 1888 1321 1940 Araps'
1348 1886 1355 1942 Ι
1389 1887 1541 1928 Caesar.
1582 1901 1623 1927 n.
1660 1900 1737 1928 ser.
1764 1887 1771 1942 Ι
1796 1901 1845 1928 ex

141 1955 353 2009 peculiaris
378 1953 385 2008 Ι
409 1955 643 2008 lampadaris
667 1954 674 2009 Ι
700 1955 811 1995 fratri
840 1954 879 1994 b.
911 1967 961 1994 m.
990 1954 997 2007 Ι
1024 1955 1128 1994 fecit.

252 2020 382 2054 Romae
412 2021 485 2064 (VI
510 2023 598 2056 8868
631 2022 723 2054 vidit
750 2021 920 2063 Hermen).
952 2040 997 2045 —
1032 2023 1064 2062 1)
1094 2021 1190 2054 Idem
1220 2021 1340 2064 Araps
1364 2023 1487 2064 posuit
1519 2023 1667 2064 coniugi
1699 2022 1845 2055 titulum

137 2077 192 2111 Vl
211 2079 310 2111 8869.

252 2154 364 2200 1781
410 2158 608 2197 Amoenus
640 2156 647 2210 Ι
682 2157 925 2197 Messallinae
950 2156 956 2211 Ι
983 2157 1042 2196 Ti.
1078 2157 1212 2197 Claudi
1249 2156 1424 2197 Caesaris
1457 2156 1463 2210 Ι
1498 2156 1547 2196 ab
1586 2157 1843 2199 ornamentis.

253 2222 384 2256 Romae
407 2234 492 2266 rep„
515 2226 567 2255 est
588 2224 731 2256 Pisauri
755 2223 824 2266 (VI
844 2224 935 2257 8952
959 2223 1052 2256 vidit
1074 2222 1288 2268 Bor-mann).

252 2313 366 2360 1782
408 2315 445 2354 d.
477 2327 527 2354 m.
554 2314 560 2365 Ι
586 2314 632 2353 Τ.
664 2314 720 2354 Fi.
750 2316 849 2366 Aug.
887 2314 954 2354 lib.
980 2312 988 2367 Ι
1015 2314 1301 2366 Parthenopaei
1327 2316 1335 2364 Ι
1360 2314 1582 2367 Poppeani,
1620 2315 1795 2355 eunuchi
1832 2312 1841 2371 Ι

136 2383 188 2423 ab
219 2382 473 2429 ornamentis,
499 2383 506 2433 Ι
533 2381 605 2420 vix.
636 2393 730 2421 ann.
750 2381 899 2430 LXXV,
925 2380 932 2435 Ι
958 2382 1003 2421 Τ.
1034 2381 1091 2421 Fl.
1113 2381 1359 2433 Nicephorus
1384 2381 1391 2434 Ι
1418 2381 1484 2421 lib.
1514 2388 1684 2434 patrono
1714 2381 1842 2438 sanc}-

138 2450 289 2491 tissimo
320 2457 359 2490 et
388 2449 544 2502 pientis.
571 2447 578 2501 Ι
605 2448 874 2488 benemereuti
899 2449 906 2502 Ι
933 2449 1037 2488 fecit.

252 2515 384 2550 Romae
405 2518 445 2548 in
467 2525 586 2548 museo
611 2514 788 2548 Vaticano
813 2514 882 2558 (VI
902 2515 1018 2557 8954).

252 2605 365 2651 1783
408 2606 445 2646 d.
467 2619 519 2645 m.
546 2606 553 2658 Ι
579 2605 787 2659 Chrysaori
808 2608 905 2657 Aug.
935 2604 1016 2652 lib„
1046 2605 1214 2646 adiutori
1238 2604 1247 2660 Ι
1272 2619 1293 2646 a
1322 2608 1599 2649 commentaris
1628 2620 1841 2648 ornamen-

138 2680 283 2723 torum,
305 2673 312 2729 Ι
334 2675 414 2714 filio
439 2674 627 2727 piissimo,
649 2674 717 2724 qui
742 2673 837 2713 vixit
864 2686 957 2714 ann.
977 2673 1116 2713 XXVII
1139 2674 1145 2728 Ι
1166 2686 1218 2714 m.
1236 2674 1353 2722 vnn,
1374 2676 1556 2715 fecerunt
1577 2674 1583 2728 Ι
1606 2676 1661 2716 CI.
1684 2675 1842 2728 Apelles

137 2749 179 2782 et
210 2743 264 2783 Cl.
297 2742 494 2783 Primitiva
523 2747 676 2793 parent.
702 2740 709 2794 Ι
736 2747 775 2781 et
803 2741 889 2782 sibi.
915 2740 923 2796 Ι
949 2741 994 2782 ln
1026 2742 1052 2781 f.
1083 2754 1120 2794 p.
1152 2741 1199 2791 X,
1229 2742 1270 2782 in
1301 2755 1360 2795 ag.
1390 2756 1430 2796 p.
1462 2742 1579 2782 Vllll.

252 2808 382 2842 Romae
407 2808 477 2849 (Vl
495 2808 580 2841 8951
608 2807 698 2840 vidit
719 2806 933 2851 Burmann).

253 2887 365 2933 1784
408 2888 573 2928 lunoni¹
597 2886 604 2942 Ι
627 2887 813 2930 Dorcadis
834 2887 841 2944 Ι
864 2889 982 2929 Iuliae
1013 2890 1209 2942 Augustae
1232 2886 1239 2942 Ι
1261 2901 1403 2929 vernae
1434 2888 1669 2942 Caprensis²
1688 2887 1695 2943 Ι
1720 2900 1839 2929 orna-

137 2957 260 3006 tricis,
286 2956 294 3009 Ι
320 2957 507 3010 Lycastus
536 2955 779 2996 conlibertus
803 2954 810 3010 Ι
836 2962 1007 3008 rogator,
1037 2958 1197 3008 coniugi
1221 2954 1230 3011 Ι
1257 2956 1480 2997 carissimae
1509 2956 1596 2997 sibi.
