1968 3268
185 190 239 228 '78
399 241 402 244 ι
941 190 1061 234 Caput
1085 190 1134 224 ΙΙ.

298 303 383 350 296
425 306 519 358 imp.
550 305 703 346 Caesari
741 305 816 345 divi
846 305 995 345 Nervae
1025 305 1105 344 filio
1141 303 1148 358 Ι
1182 304 1331 344 Nervae
1361 304 1530 346 Traiano
1562 305 1722 359 Optimo
1761 307 1861 359 Aug.
1894 305 1902 362 Ι
1941 314 1965 353 ῑ,’

185 374 420 414 Germanico
438 374 592 421 Dacico,
609 373 750 425 pontif.
768 385 880 421 max.,
899 373 988 412 trib.
1007 369 1014 426 Ι
1032 377 1174 424 potest.
1191 371 1314 411 XVIII
1327 373 1351 421 ¹,
1372 373 1468 425 imp.
1487 373 1566 423 VII,
1585 386 1666 415 cos.
1682 374 1744 423 VI,
1760 387 1800 428 p.
1816 387 1870 428 p.‚
1892 372 1900 430 Ι

185 442 397 483 fortissimo
429 441 612 494 principi,
643 446 803 481 senatus
833 453 871 491 p.
903 452 940 491 q.
973 440 1016 479 R.

296 509 488 542 Beneventi
510 509 548 540 in
572 516 661 540 areu
685 508 748 549 qm·
771 509 887 549 extat,
919 507 963 539 ab
988 509 1143 550 utraque
1164 509 1268 550 parte
1292 507 1428 550 legitur
1451 507 1521 552 (IX
1539 509 1656 554 4558).
1680 529 1723 534 —
1751 509 1784 552 1)
1807 509 1890 544 Dee.
1944 506 1965 556 l.-

185 565 346 610 4451444.

296 644 381 690 297
425 645 517 696 imp.
540 642 697 683 Caesari
716 640 720 696 Ι
739 642 813 682 divi
842 643 991 683 Nervae
1013 644 1038 682 f.
1063 641 1069 698 Ι
1089 644 1237 684 Nervae
1258 644 1427 684 Traiano
1451 642 1621 700 OpItimo
1642 646 1741 699 Aug.
1762 645 1896 686 Germ.
1940 650 1961 661 ⁵

186 714 325 754 Dacico
353 712 358 766 Ι
386 711 606 758 Parthico¹,
627 710 773 762 pontif.
796 723 912 758 max„
932 711 1022 751 trib.
1051 711 1057 765 Ι
1083 718 1164 764 pot.
1185 712 1321 761 XVIII,
1347 713 1440 765 imp.
1458 713 1539 763 VII,
1569 725 1650 754 cos.
1671 713 1735 763 VI,
1762 712 1770 767 Ι
1794 713 1896 767 patri
1948 744 1950 746 -

185 782 345 834 patriae,
376 778 610 830 municipes.
1954 818 1957 819 γ

298 847 480 881 Cisimbrii
508 847 548 878 in
573 845 720 879 Baetica
751 856 824 889 rep.
861 846 916 888 (II
936 847 1025 879 2097
1057 847 1167 880 deser.
1199 847 1389 892 Haebner).
1425 867 1467 873 —
1495 850 1526 891 1)
1554 848 1711 882 Traiano
1735 849 1898 882 Parthici
1946 850 1957 885 J

186 914 380 947 cognomen
411 902 552 946 publice
581 903 787 945 impositum
820 913 890 934 esse
921 906 1073 936 exeunte
1103 904 1241 937 demum
1272 915 1366 937 anno
1391 905 1454 938 445
1484 905 1540 938 vel
1571 906 1677 938 etiam
1701 915 1796 938 anno
1821 905 1894 946 446,
1941 918 1952 923 ”

186 961 374 994 ostendunt
397 960 493 992 tituli
517 960 579 1002 qni
600 962 810 1002 sequuntur,
835 957 973 998 factum
996 959 1038 992 id
1059 970 1130 992 esse
1146 963 1230 993 ante
1246 961 1278 994 d.
1294 961 1341 994 29
1358 961 1451 1003 Aug.
1468 961 1529 995 446
1546 961 1736 994 ostendunt
1757 962 1896 995 nummi
1941 962 1954 1004 ᾗ

182 1017 434 1051 Alemandrinz‘.
484 1014 537 1055 Cf.
561 1015 754 1048 Mommsen
779 1026 835 1058 ap.
859 1015 1024 1062 Droyaeen
1049 1016 1247 1050 Hellenism.
1274 1017 1329 1050 ΙΙΙ
1339 1018 1362 1051 2
1388 1018 1440 1050 ed.
1458 1018 1481 1050 2
1503 1027 1539 1060 p.
1555 1017 1620 1051 564
1633 1028 1715 1061 seq„
1738 1020 1823 1050 item
1846 1018 1896 1051 ad
1942 1011 1951 1054 {-

184 1076 219 1110 0.
243 1075 302 1108 III
323 1074 359 1108 S.
383 1074 478 1107 7086.
527 1073 598 1106 Sed
628 1083 709 1105 eum
740 1082 834 1105 anno
866 1072 946 1114 444,
978 1083 1047 1116 quo
1079 1074 1137 1106 hie
1169 1074 1294 1106 titulus
1318 1075 1459 1116 positus
1481 1076 1549 1116 est,
1584 1072 1763 1107 Traianus
1786 1083 1894 1117 quam
1914 1060 1921 1069 ⁹

181 1133 337 1165 maa-ime
360 1141 435 1164 rem
455 1133 599 1172 gereret
623 1132 750 1162 contra
776 1129 935 1170 Parthos,
960 1139 1035 1162 non
1057 1131 1189 1162 mirum
1214 1134 1264 1163 est
1285 1131 1359 1163 iam
1380 1132 1456 1162 tum
1473 1140 1496 1162 a
1511 1129 1695 1163 nonnullis
1710 1140 1791 1164 eum
1807 1130 1894 1164 Par·
1945 1122 1950 1141 ³

185 1191 318 1222 taicum
343 1188 488 1221 dictum.

296 1267 384 1313 298
642 1266 739 1318 imp.
771 1266 926 1306 Caesari
955 1266 1030 1306 divi
1061 1267 1209 1308 Nervae
1239 1268 1265 1307 f.
1296 1267 1447 1308 Nervae

675 1334 844 1374 Traiano
876 1335 1034 1387 Optimo
1065 1335 1162 1388 Aug.
1194 1336 1414 1376 Germanic.
1713 1369 1721 1377 .

247 1406 422 1446 Plotinae
498 1403 652 1450 Dacico,
683 1407 795 1454 pont.
827 1415 940 1451 max„
972 1409 1020 1443 tr.
1051 1410 1132 1455 pot.
1162 1402 1336 1452 XVIIII¹,
1366 1404 1459 1457 imp.
1491 1403 1580 1452 lX',
1624 1437 1662 1477 Μ
1685 1370 1793 1445 dnsae

275 1475 386 1525 Aug.,
575 1483 655 1510 cos.
689 1470 749 1517 VI,
781 1483 818 1522 p.
850 1484 904 1523 p.‚
934 1472 1275 1523 providentissimo
1307 1471 1491 1524 principi,
1663 1448 1844 1544 agmanae

183 1542 341 1592 coniugi
372 1541 471 1592 Aug.
649 1544 809 1579 senatus
839 1552 878 1590 p.
909 1552 948 1591 q.
979 1539 1039 1587 R„
1070 1540 1175 1592 quod
1206 1551 1406 1580 accessum
1711 1517 1792 1558 a&

567 1606 710 1654 Italiae,
742 1606 818 1646 hoc
848 1607 963 1647 etiam
994 1608 1125 1648 addito
1157 1621 1203 1648 ex
1235 1608 1403 1664 pecunia
1434 1619 1503 1648 sua
1608 1584 1735 1612 somn
1765 1572 1864 1645 ‘Ing‘

582 1680 713 1727 portu,
746 1675 932 1714 tutiorem
965 1675 1235 1729 navigantibus
1266 1675 1490 1716 reddiderit.
1938 1708 1942 1709 ⁷

293 1743 462 1776 Anconae
486 1745 524 1775 in
549 1752 636 1775 aren
662 1743 725 1784 qui
747 1745 850 1774 extat
873 1741 942 1785 (IX
959 1744 1075 1787 5894).
1101 1763 1142 1767 —
1170 1744 1202 1784 1)
1226 1742 1309 1775 Dec.
1335 1740 1484 1785 4441445.
1501 1760 1542 1765 -
1567 1741 1601 1783 2)
1623 1740 1706 1784 Imp.
1724 1739 1794 1774 VIII
1817 1750 1890 1777 non

181 1802 323 1842 repperi
354 1801 392 1832 in
425 1800 540 1832 titulis
569 1798 735 1839 Traiani,
767 1798 846 1842 imp.
873 1798 914 1831 IX
941 1802 1169 1833 coniunctum
1197 1802 1337 1832 tantum
1361 1807 1441 1831 cum
1465 1796 1542 1830 trib.
1566 1800 1656 1840 post.
1680 1796 1753 1830 xlx
1780 1796 1891 1840 (Iapis
1938 1835 1939 1838 Ἴ

182 1858 317 1889 citatus
341 1867 363 1889 a
388 1857 584 1899 Borghesio
611 1865 689 1897 opp.
713 1855 749 1896 5,
764 1855 813 1887 22
838 1858 1046 1889 accuratius
1072 1857 1268 1898 descriptus
1292 1857 1344 1888 est
1368 1853 1402 1887 C.
1426 1852 1461 1886 X
1479 1853 1594 1897 6887).

294 1947 381 1993 299
425 1949 519 2002 imp.
552 1950 691 1990 Caesar
723 1947 730 2003 Ι
765 1950 840 1989 divi
872 1950 1019 1988 Nervae
1056 1948 1080 1986 f.
1116 1947 1123 2000 Ι
1156 1946 1279 1986 Nerva
1311 1945 1501 1984 Traianus
1535 1942 1542 1998 Ι
1577 1944 1759 1996 Optimus
1787 1944 1888 1995 Aug.
1931 1938 1938 1987 J

183 2016 273 2055 Ger.
292 2014 298 2070 Ι
315 2016 494 2066 Dacicus,
522 2018 707 2058 tribunic.
727 2016 732 2072 Ι
751 2023 892 2070 potest.
915 2015 1036 2063 XIX¹,
1058 2015 1151 2067 imp.
1172 2013 1236 2062 XI,
1255 2011 1260 2068 Ι
1279 2025 1358 2053 cos.
1380 2012 1441 2061 Vl,
1472 2025 1510 2065 p.
1537 2025 1589 2065 p.‚
1606 2012 1613 2067 Ι
1631 2011 1857 2052 faciundum
1879 2007 1886 2064 Ι
1928 1997 1946 2046 ζ’

182 2084 343 2124 curavit.
1921 2072 1953 2097 ’ἶ

294 2152 336 2184 In
348 2154 459 2194 ponte
475 2152 631 2185 Metam-i
645 2151 807 2193 fluminis
825 2151 1008 2195 (Fabretti
1021 2151 1101 2192 598,
1115 2150 1185 2182 289
1209 2149 1272 2191 qui
1289 2147 1504 2191 descripsit).
1529 2166 1569 2171 -·
1592 2149 1622 2190 1)
1638 2147 1721 2181 Dec.
1737 2145 1887 2191 4441445.
1932 2131 1938 2147 ⁵

293 2240 384 2286 300
429 2243 522 2295 imp.
554 2243 707 2283 Caesari
734 2242 741 2297 Ι
767 2243 842 2282 divi
868 2242 1016 2282 Nervae
1050 2239 1097 2296 [f.
1124 2239 1130 2294 Ι
1160 2236 1348 2294 NervaeJ²
1379 2238 1536 2278 Traian.
1563 2236 1570 2291 Ι
1598 2237 1756 2290 Optimo
1785 2238 1885 2289 Aug.
1939 2227 1944 2233 '¹

183 2311 312 2350 Germ.
339 2309 345 2363 Ι
372 2311 499 2351 Dacic.
523 2311 720 2360 Parthic.²,
750 2316 861 2363 pont.
889 2309 896 2364 Ι
922 2322 1034 2357 mam,
1065 2308 1155 2348 trib.
1178 2313 1319 2360 potest.
1343 2306 1446 2355 XX³,
1469 2303 1588 2361 1imp.
1608 2305 1691 2354 XII,
1721 2317 1801 2345 cos.
1822 2304 1885 2353 VI,

182 2379 284 2429 patri
322 2385 435 2430 patr„
474 2377 479 2432 Ι
515 2379 686 2419 cultores
716 2378 815 2418 Iovis
847 2375 1135 2430 Heliopollitani
1166 2376 1401 2429 Berytenses
1436 2373 1503 2426 qui
1536 2375 1543 2424 Ι
1577 2373 1750 2413 Puteolis
1786 2384 1884 2412 con·
1937 2380 1942 2427 [

181 2445 336 2484 sistunt.
1932 2468 1933 2471 ’

293 2510 446 2554 Neapoli
470 2512 519 2554 (X
532 2513 628 2554 4634,
653 2514 840 2556 descripsit
861 2523 951 2547 saec.
968 2511 1056 2545 XVI
1073 2510 1295 2553 Accursa'us).
1321 2528 1361 2533 —
1391 2509 1423 2550 1)
1446 2507 1470 2541 f.
1495 2507 1626 2541 Nervae
1650 2516 1717 2541 om.
1740 2505 1825 2540 Ace.
1839 2523 1884 2530 -
1930 2507 1932 2509 ’

182 2567 216 2606 2)
242 2565 296 2605 Cf.
319 2566 365 2600 N.
388 2568 455 2600 297
477 2572 550 2602 not.
576 2570 606 2602 4.
631 2589 674 2593 -
700 2571 734 2611 3)
758 2570 841 2603 Dec.
865 2568 1014 2613 4451446.

294 2656 380 2701 301
425 2658 517 2710 imp.
549 2659 688 2699 Caesar
718 2660 794 2699 divi
824 2660 971 2699 Nervae
1002 2660 1028 2699 s.
1060 2659 1183 2699 Nerva
1207 2657 1398 2697 Traianus
1418 2655 1563 2707 Optim.
1590 2654 1597 2708 Ι
1622 2655 1720 2706 Aug.
1751 2653 1894 2703 Germ„
1930 2688 1932 2691 ,

181 2725 311 2765 Dacic.
343 2725 525 2774 Parthie„
556 2727 696 2778 pontis.
727 2739 839 2774 max.‚
869 2727 958 2766 trib.
990 2724 1182 2781 poltestat.
1203 2725 1307 2773 XX¹,
1337 2725 1429 2776 imp.
1448 2721 1550 2769 XIII,
1580 2720 1772 2773 procos.²,
1801 2733 1882 2760 cos.
1924 2737 1926 2739 ·

182 2793 245 2840 VI,
275 2805 314 2845 p.
335 2805 388 2845 p.‚
415 2791 422 2846 Ι
449 2793 646 2845 equitibus
673 2800 711 2833 et
731 2793 928 2845 peditibus
957 2794 1024 2845 qui
1053 2794 1318 2833 militaverunt
1342 2790 1350 2846 Ι
1375 2792 1416 2831 in
1446 2790 1516 2830 alis
1545 2789 1696 2829 duabus
1726 2793 1766 2828 et
1793 2787 1882 2828 coh.
1924 2797 1931 2839 f

182 2861 318 2900 decem
355 2866 395 2900 et
431 2867 581 2913 septem
616 2860 623 2915 Ι
650 2863 863 2908 (sequuntur
890 2867 1169 2907 sequebantur-ve
1192 2866 1339 2898 nomina
1362 2863 1502 2897 alarum
1525 2862 1679 2895 duarum
1702 2863 1737 2893 et
1759 2861 1883 2893 cohor·-
1926 2854 1927 2858 ¹

181 2929 270 2960 tium
295 2927 411 2960 decem
435 2930 470 2959 et
491 2930 619 2971 septem
634 2928 842 2970 provinciae
861 2926 1071 2960 Germaniae
1093 2929 1307 2970 superioris,
1335 2934 1487 2969 quorum
1508 2925 1686 2957 veteranis
1706 2922 1883 2956 Trav‘anm

181 2984 247 3016 hae
271 2985 525 3017 constitutione
549 2985 726 3017 civitatem
750 2983 906 3025 largitus
931 2984 1006 3026 est).
1926 3024 1930 3027 .

297 3039 529 3083 Wiesbaden,
556 3038 801 3082 fragmentum
832 3039 982 3071 tabellae
1012 3050 1142 3072 aeneae
1172 3043 1352 3083 utrimque
1377 3039 1532 3080 scriptae
1556 3035 1630 3079 (ΙΙΙ
1644 3046 1683 3079 p.
1705 3034 1771 3068 870
1794 3033 1880 3077 dipl.
1920 3042 1929 3077 j
1967 3064 1968 3067 ,

180 3095 342 3139 XXVII).
380 3097 547 3140 Superest
562 3107 608 3129 ex
624 3097 816 3139 diplomate
831 3095 997 3138 militari,
1022 3096 1143 3138 qualia
1160 3094 1262 3135 z'ns'ra
1279 3095 1440 3128 dabimus
1452 3092 1646 3135 complura.
1660 3111 1702 3116 —
1717 3093 1749 3134 1)
1761 3092 1804 3124 A.
1816 3090 1878 3124 446
1920 3089 1922 3091 ’
1966 3111 1968 3118 ‹
