1968 3268
799 168 914 206 'rituli
935 169 1124 206 militares.
1167 147 1172 154 ’
1729 169 1813 208 449

104 294 144 330 et
167 286 176 342 Ι
201 287 324 328 Iuliae
353 287 454 340 Aug.
484 287 620 328 matris
650 288 751 339 Aug.
781 283 872 341 (u.)
880 287 906 335 ¹,
937 291 976 325 et
1001 284 1008 339 Ι
1035 291 1198 326 castror.
1228 290 1269 324 et
1294 281 1479 339 <senatus
1504 284 1511 339 Ι
1537 289 1577 324 et
1604 283 1813 341 patriae>¹‚

105 354 113 411 Ι
135 356 180 396 L.
210 355 328 396 Ceius
356 355 402 395 L.
432 355 486 396 fil.
516 355 695 395 Privatus
720 353 727 408 Ι
754 354 880 406 quod,
910 365 1003 394 cum
1032 353 1337 406 exampliaretur
1360 351 1368 406 Ι
1393 352 1594 402 balneum,
1624 353 1813 407 subprin-

107 436 203 476 ceps
227 422 235 479 Ι
259 429 429 473 voverat,
459 423 648 475 princeps
678 428 794 462 castr.
822 420 829 475 Ι
854 420 1160 474 peregrinorum
1189 433 1224 460 v.
1255 433 1287 461 s.
1317 421 1343 461 l.
1373 433 1425 461 m.

220 499 353 535 Romae
374 511 451 543 rep.
475 502 515 533 in
537 503 658 533 monte
682 500 801 533 Caelio
824 501 878 532 ibi
905 498 985 539 fere
1007 499 1071 531 ubi
1098 497 1144 532 N.
1166 498 1278 538 2245,
1315 501 1368 531 est
1388 499 1540 532 Parisiis
1571 499 1645 543 (VI
1666 500 1735 534 554
1765 501 1814 541 os:

101 567 138 601 p.
161 558 262 602 855).
285 576 332 582 -
357 559 390 600 1)
416 557 532 591 Verba
556 558 660 590 uno-is
682 556 823 589 inclusa
846 557 1002 599 reposita
1025 557 1111 588 sunt
1131 557 1172 587 in
1196 555 1313 588 locum
1335 555 1492 588 aliorum
1514 566 1712 591 erutorum.

218 668 334 716 2219
384 683 460 722 pro
498 670 624 710 salute
664 677 703 710 et
739 670 869 710 reditu
907 669 946 709 d.
986 683 1028 709 ιι.
1066 670 1162 721 imp.
1202 669 1378 710 Caesaris
1413 666 1529 711 Ill!
1569 668 1576 724 Ι
1608 670 1674 735 (C.
1713 671 1814 736 Iulio

104 749 207 811 Vero
238 749 451 811 Mai-(imino
482 748 553 788 Pio
583 748 704 788 Felici
732 746 738 801 Ι
764 748 909 789 invicto
939 747 1101 804 Aug.>¹,
1139 748 1333 789 Domitius
1361 749 1506 790 Bassus
1533 757 1558 790 7
1598 749 1665 790 fr.²
1693 729 1816 802 agrens

106 806 130 882 l·
145 806 231 869 rice
254 805 461 880 principis
491 819 806 879 peregrinorum,
842 827 1035 880 templum
1064 826 1167 867 Iovis
1197 828 1355 869 reducis
1384 841 1419 868 c.
1447 829 1506 881 p.³
1536 829 1645 868 omni
1671 830 1678 879 Ι
1704 829 1816 869 cultu

104 896 154 936 de
192 909 266 937 suo
302 895 518 935 exornavit.
558 899 695 942 (quta,
719 911 742 932 α
765 901 915 933 sinistra
939 900 1114 944 intuenti)
1150 895 1251 935 votis
1292 896 1299 948 Ι
1340 896 1567 937 Xannalib.⁴
1606 894 1613 951 Ι
1646 896 1816 937 feliciter

106 970 145 1004 (a
169 968 318 1012 dextra)
348 963 448 1003 votis
474 961 480 1016 Ι
506 961 751 1002 XXannalib.
780 962 786 1016 Ι
811 963 991 1003 feliciter.

218 1040 351 1074 Romae
363 1051 440 1084 rep.
461 1042 501 1073 in
517 1043 636 1073 monte
654 1040 772 1074 Caelio
795 1042 849 1073 ibi
862 1039 952 1082 fere,
975 1041 1040 1073 ubi
1061 1051 1102 1073 ea
1120 1051 1212 1083 quae
1223 1040 1419 1084 praecedit,
1440 1042 1505 1074 ubi
1519 1039 1671 1081 fuerunt
1694 1046 1814 1076 castra

102 1098 377 1141 peregrinorum
393 1095 414 1140 (
414 1096 466 1130 VI
483 1097 553 1130 428
568 1096 658 1129 vidit
673 1096 835 1138 Henzen5
858 1095 906 1136 of.
922 1096 1087 1130 Huebner
1109 1108 1167 1130 eze.
1190 1107 1260 1130 sor.
1281 1107 1333 1139 ep.
1349 1098 1438 1138 499).
1461 1116 1508 1122 —
1533 1099 1567 1141 1)
1590 1097 1691 1140 Quae
1714 1101 1818 1132 uncis

68 1148 71 1149 ⁷
103 1154 325 1196 inclusimus,
346 1164 475 1186 nomen
491 1155 527 1185 et
542 1154 738 1195 agnomina
754 1152 959 1195 Maximini,
981 1154 1141 1196 reposita
1156 1156 1243 1186 sunt
1255 1152 1429 1186 inlocum
1451 1153 1610 1187 aliorum
1632 1157 1818 1188 nominum

106 1220 310 1252 erasm-um,
331 1209 535 1244 Alexandri
557 1212 599 1242 ut
620 1209 764 1242 videtur
787 1212 822 1241 et
843 1209 1027 1242 Mamaeae
1059 1208 1125 1252 (osi
1147 1209 1325 1252 Borghesi
1348 1220 1428 1252 opp.
1451 1212 1477 1244 5
1504 1221 1540 1253 p.
1563 1212 1671 1253 435),-
1699 1213 1818 1255 ipsum

107 1267 234 1300 deinde
263 1266 460 1299 Maximini
488 1276 617 1299 nomen
653 1265 711 1308 (id
741 1265 837 1308 quod
862 1267 1009 1308 punctis
1035 1267 1206 1304 subiectis
1232 1267 1372 1308 notavi)
1405 1277 1548 1300 erasum
1575 1270 1619 1300 ut
1650 1269 1715 1301 via.-
1746 1269 1819 1311 legi

101 1324 228 1366 possit.
246 1342 290 1348 —
307 1324 340 1365 2)
366 1322 534 1356 Centurio
557 1322 892 1362 frumentur-iorum.
907 1342 953 1347 —
969 1324 1003 1365 3)
1030 1322 1238 1357 Castrorum
1255 1325 1546 1366 peregrinorum.
1562 1343 1608 1349 —
1623 1325 1659 1365 4)
1682 1324 1819 1358 Decen-

105 1379 258 1412 nulibus.

221 1479 339 1527 2220
381 1481 568 1522 Cocceius
593 1480 600 1535 Ι
626 1482 838 1522 Patruinus
864 1482 869 1537 Ι
897 1482 1024 1534 princ.
1052 1481 1058 1537 Ι
1084 1481 1414 1537 peregrilnorum.

224 1546 356 1580 Romae
377 1559 452 1591 rep.
484 1550 523 1580 in
546 1550 665 1581 monte
689 1548 807 1582 Caelio
836 1550 888 1581 ibi
910 1547 989 1588 fere
1010 1550 1074 1581 ubi
1102 1548 1148 1583 Ν.
1172 1549 1265 1583 2215
1289 1549 1361 1589 (VI
1379 1550 1474 1584 5527
1482 1554 1499 1571 ‘¹
1533 1550 1626 1583 vidit
1655 1551 1819 1592 Romen,-

110 1613 185 1636 una
208 1605 350 1646 reperta
383 1607 435 1636 est
458 1605 551 1636 basis
573 1604 696 1636 iisdem
719 1605 836 1637 verbis
858 1606 1035 1647 inscripta
1060 1604 1114 1638 VI
1132 1606 1227 1639 5527
1235 1604 1250 1626 ⁶
1252 1606 1286 1649 ).

226 1714 340 1761 2221
387 1716 576 1756 Cocceius
601 1716 607 1770 Ι
635 1716 829 1758 Iulianus¹
857 1715 864 1771 Ι
890 1727 910 1757 7
947 1718 1063 1757 frum.
1089 1716 1096 1772 Ι
1123 1732 1157 1758 v.
1188 1731 1221 1758 a.
1255 1720 1384 1772 princ.
1412 1718 1419 1772 Ι
1444 1720 1597 1772 pereg.²
1620 1719 1628 1773 Ι
1654 1720 1818 1761 devotus

114 1782 121 1840 Ι
148 1784 301 1825 numini
329 1783 337 1837 Ι
362 1784 550 1824 maiestat.
576 1783 584 1837 Ι
610 1785 800 1824 aeorum.a

226 1861 374 1902 Romae,
408 1861 594 1895 columella
616 1872 819 1895 marmorea
844 1863 916 1901 (VI
935 1864 1030 1897 3326
1053 1863 1144 1896 vidit
1166 1863 1337 1904 Henzen).
1375 1882 1420 1888 -—
1463 1866 1495 1905 1)
1534 1863 1630 1897 Num
1653 1864 1747 1897 idem
1769 1866 1820 1898 sit

114 1918 280 1953 Cocceius
302 1918 463 1951 Iulianus
486 1917 658 1962 Synesius
680 1914 886 1965 κράτιστος
910 1915 1167 1966 δουκηνᾶριος,
1193 1913 1400 1965 Άντιοχεὺς
1423 1922 1501 1956 τῶν
1524 1917 1623 1968 πρὸς
1647 1916 1815 1967 Δάφνην,

114 1977 179 2018 qui
201 1984 354 2008 umorem
379 1977 414 2006 et
436 1974 550 2015 filium
576 1975 738 2008 condidit
760 1977 799 2008 in
822 1977 1047 2019 sarcophago
1071 1987 1147 2019 rep.
1170 1975 1301 2010 Romae
1324 1977 1373 2010 ad
1394 1977 1431 2011 S.
1449 1977 1635 2011 Clementis
1658 1977 1818 2021 (Hermen

115 2031 200 2066 buu.
225 2032 307 2064 incl.
333 2031 430 2064 arch.
454 2030 541 2064 4862
560 2041 600 2073 p.
623 2031 851 2065 82=1mcrz
879 2031 938 2066 Gr.
963 2031 1063 2066 sicil.
1088 2032 1168 2067 Ital.
1192 2033 1308 2077 4547),
1336 2035 1467 2068 neseio.
1503 2053 1547 2058 —
1583 2035 1619 2076 2)
1649 2033 1817 2068 Centurio

114 2086 461 2127 frumentur-iorum,
493 2090 590 2121 vices
620 2097 731 2130 agens
757 2090 937 2132 principis
956 2091 1243 2132 peregrinorum.
1278 2108 1321 2114 —
1362 2091 1396 2133 3)
1434 2088 1593 2123 Titulum
1617 2091 1819 2125 dedicatum

113 2142 227 2184 fuisso
250 2144 527 2185 imperatoribus
551 2144 761 2186 quibusdam
786 2148 948 2188 apparet.

226 2254 346 2301 2222
387 2286 607 2296 ......
639 2254 815 2313 [V]ictor
843 2257 1047 2310 subprinc.
1075 2259 1324 2312 peregrinor.
1351 2261 1358 2308 Ι
1386 2257 1605 2314 [stationem
1633 2259 1686 2300 ad
1712 2257 1814 2315 παῖ]

116 2324 169 2363 lll
198 2323 259 2363 vie
288 2324 413 2376 Appie
443 2324 693 2365 frumentaris
721 2325 770 2365 de
795 2324 800 2379 Ι
828 2339 899 2366 suo
931 2325 1079 2365 refecit.

230 2400 361 2434 Romae
383 2411 458 2444 rep.
473 2400 532 2470 ad
552 2403 647 2434 viam
669 2403 825 2445 Appiam
847 2413 922 2436 una
946 2413 1026 2436 eum
1049 2403 1094 2438 N.
1117 2403 1208 2437 2216
1232 2403 1304 2447 (VI
1321 2403 1418 2437 5529
1440 2403 1532 2437 vidit
1552 2404 1724 2449 Henzm).

230 2468 345 2549 2223
391 2503 485 2556 imp.
517 2503 671 2544 Caesari
709 2505 760 2544 M.
795 2485 982 2568 [Qui-elio
1010 2503 1016 2559 Ι
1043 2506 1188 2569 Severo
1218 2506 1440 2570 Alesandro
1468 2505 1474 2560 Ι
1500 2507 1630 2547 Felice
1649 2508 1749 2561 Aug.
1781 2514 1821 2548 et

118 2582 216 2647 lulie
247 2583 440 2646 Maiueae¹
469 2582 475 2635 Ι
502 2583 616 2622 matri
646 2583 795 2623 domiui
819 2597 859 2623 u.
882 2589 921 2623 et
941 2561 1104 2623 castror.
1128 2562 1139 2634 Ι
1164 2562 1326 2637 totiusq.
1337 2562 1385 2625 (Ι.
1407 2562 1445 2625 d.
1448 2585 1475 2634 ²,
1505 2586 1620 2627 statio
1642 2598 1682 2652 ιι.
1702 2581 1821 2648 sr[u]-

120 2661 442 2701 mentariorum
468 2659 630 2713 lLocus
668 2662 894 2714 adsignatus
932 2661 981 2701 ab
1011 2662 1191 2715 Agricola
1221 2665 1319 2717 Aug.
1355 2664 1423 2705 lib.
1453 2678 1564 2718 proc.
1595 2679 1635 2719 p.
1666 2679 1705 2707 u.
1708 2665 1822 2719 ‘let

71 2770 81 2776 .
119 2739 307 2780 Petronio
346 2719 533 2779 Maxsimo
564 2750 586 2780 7
628 2741 738 2780 aun.⁴⁵
768 2747 808 2781 et
836 2740 956 2781 Fabio
986 2741 1172 2783 Maronae
1204 2747 1288 2791 (sic)
1317 2753 1342 2784 7
1367 2742 1374 2795 Ι
1401 2756 1590 2797 operum3
1620 2745 1746 2784 dedic.
1768 2744 1821 2784 111

121 2820 217 2847 non.
253 2808 351 2859 Aug.
391 2807 518 2859 Appio
550 2806 604 2846 Cl.
637 2807 787 2847 Iuliano
825 2814 864 2848 et
894 2809 1019 2849 Brutt.
1046 2809 1260 2863 {Crispino
1291 2811 1389 2851 cos.⁸
1391 2818 1609 2863 ‚patrono
1641 2812 1687 2859 Q.
1718 2812 1821 2853 Tur-

121 2875 231 2914 ranio
262 2874 414 2922 MasHa,
455 2886 547 2913 cura
574 2875 579 2927 Ι
614 2882 754 2925 agente
793 2876 834 2916 P.
865 2876 995 2917 Flavio
1026 2876 1083 2917 Fl.
1115 2878 1194 2918 filio
1225 2878 1354 2918 Felice
1384 2878 1538 2919 iuniore
1565 2879 1571 2932 Ι
1598 2886 1636 2920 et
1666 2879 1820 2921 Valerio

121 2941 275 2982 Donato
305 2954 388 2982 cur.

235 3019 279 3051 In
305 3019 415 3052 Portu
431 3018 589 3052 Romano
615 3018 663 3051 ad
680 3018 778 3052 ostia
799 3018 964 3054 Tiberina
983 3022 1083 3065 (XIV
1097 3022 1164 3055 425
1188 3022 1291 3065 vidi).
1313 3040 1361 3047 -
1387 3024 1418 3064 1)
1439 3022 1556 3056 Verba
1573 3034 1665 3066 quae
1675 3027 1822 3068 punctis

122 3076 286 3107 subiectis
319 3078 540 3118 notavimus,
574 3075 658 3108 data
695 3086 801 3118 opera
836 3087 939 3110 erasa
974 3081 1075 3119 suut,
1113 3079 1175 3111 sed
1203 3089 1271 3112 non
1300 3080 1353 3111 ita
1385 3081 1425 3111 ut
1454 3079 1527 3122 legi
1557 3083 1743 3123 nequount.
1773 3099 1821 3107 —

190 3134 311 3168 Duum.
331 3135 546 3172 luncriptiones
566 3135 699 3165 Latinae.
1504 3136 1547 3170 29
