1968 3268
429 158 544 195 Tituli
566 152 826 204 imperatorum
849 158 1050 203 domusque
1071 156 1338 202 imperatoriae.
1683 155 1736 195 57

34 275 95 308 hic
110 277 275 308 cervam
296 276 350 306 est
364 272 400 307 V
398 273 416 306 Ι
429 273 530 317 922).
546 291 589 297 -
611 275 641 314 1)
658 271 712 312 ct:
736 282 847 315 supra
867 271 913 305 N.
929 272 990 305 176
1001 282 1071 314 seq.
1087 290 1130 295 —
1148 273 1182 310 2)
1204 270 1380 304 Sacerdos
1402 270 1479 303 divi
1493 271 1654 314 Aug-usti
1666 272 1740 305 An-

35 331 137 364 tonia
160 329 259 364 dicta
275 332 328 363 est
349 340 372 363 a
390 329 578 372 Calagum·
601 327 647 368 σῇ
665 329 736 362 Dio
751 330 807 370 59,
822 329 869 369 3,·
891 329 1030 361 nummi
1050 338 1110 371 ap.
1130 327 1266 361 Ecklael
1283 328 1317 370 6,
1331 327 1405 361 179.
1428 346 1472 352 —-
1497 328 1530 369 3)
1555 327 1597 361 In
1620 330 1741 361 omnia

34 386 188 430 collegia
209 386 448 420 sacerdotalia
472 388 679 429 cooptatum
706 396 780 418 esse
801 384 979 418 Neronem
1011 395 1123 427 supra
1146 394 1334 417 numerum
1357 395 1404 418 cx
1425 395 1454 418 s.
1478 394 1507 418 c.
1532 387 1636 418 testes
1657 387 1744 417 sunt

34 444 172 476 mni
193 453 251 486 ap.
275 442 413 476 Eclebel
432 444 464 484 6,
486 443 564 477 261.
610 442 764 476 Factum
794 441 836 475 id
863 452 935 474 esse
964 451 998 474 a.
1019 440 1063 474 51
1097 439 1155 483 (id
1184 443 1237 473 est
1265 440 1385 474 eodem
1414 451 1510 474 anno
1540 451 1611 484 quo
1639 442 1742 484 prin-

36 509 116 543 ceps
142 500 339 532 iuventutis
368 499 567 542 appellatus
595 501 631 532 et
660 498 786 532 consul
815 497 1022 540 designatus
1051 499 1119 539 est,
1151 495 1199 536 cf.
1224 495 1343 542 infra)
1368 497 1472 530 docet
1493 497 1615 531 tabula
1638 497 1741 530 soda-

35 555 126 588 lium
147 555 406 598 Augustalium
430 555 503 599 (VI
521 555 635 599 1984),
658 556 722 587 ubi
745 554 880 597 legitur
901 555 966 587 sub
990 555 1058 587 hoc
1080 564 1197 587 anno.-
1225 553 1409 596 [aJdIeetus
1432 552 1475 588 ad
1499 563 1677 587 nnmerum
1701 563 1742 587 ex

37 620 66 646 ε.
90 621 119 646 e.
145 611 254 654 [Nero
280 612 460 654 Claudius]
485 612 609 646 Caesar
632 611 719 654 Aug.
743 609 796 652 [Ιῖ]
819 609 1051 653 Germanicus,
1074 612 1244 643 instituta
1268 611 1376 643 huius
1397 610 1609 644 adlectionis
1632 620 1742 643 causa

38 667 185 701 decuria
209 670 378 702 vicesima
399 670 560 712 septima.
608 668 651 701 In
675 667 782 700 titulo
805 669 1036 700 recensentur
1056 667 1207 710 collegia
1232 669 1372 700 tantum
1394 669 1569 710 quattuor
1591 668 1743 700 maiora.

35 742 83 749 --
105 725 140 765 4)
164 725 334 768 Pn‘noeps
356 726 551 758 iuventutis
572 724 788 768 appellatus,
814 723 923 756 simul
944 724 1071 756 consul
1093 723 1301 766 designatus
1325 725 1365 756 in
1388 724 1593 756 vicesimum
1616 724 1745 756 aetatis

37 790 172 813 annum
187 780 286 815 Nero
309 785 363 815 est
376 793 410 817 a.
424 783 480 824 51,
504 784 591 814 teste
618 780 743 814 Tacito
759 791 844 814 ann.
861 781 917 822 12,
931 780 984 813 41.
1006 798 1052 805 -
1068 782 1101 820 5)
1122 780 1254 814 Versus
1276 779 1377 820 duos,
1396 782 1545 823 praeter
1567 783 1744 813 extremas

36 835 179 870 litteras
201 836 249 880 (υ.
267 837 285 871 1
307 837 372 879 fin.
396 863 405 871 .
420 864 428 872 .
441 862 451 872 .
465 863 473 871 .
486 848 517 880 c,
541 848 571 871 υ.
587 838 611 870 2
636 862 645 871 .
659 862 668 871 .
682 861 691 870 .
706 862 715 870 .
729 837 781 880 u),
800 838 953 880 periisse
971 838 1076 869 notat
1091 836 1318 878 [Hor-entius,-
1339 836 1403 869 sed
1422 838 1488 869 via:
1507 839 1626 880 potest
1647 837 1745 879 quic-

37 902 145 936 quam
163 895 314 936 periisse
333 897 480 936 praeter
505 894 673 930 Octaviae
695 904 823 927 nomen
842 893 1091 937 gentilicium,
1114 893 1213 935 quod
1231 892 1307 932 fuit
1330 893 1501 933 Claudia,·
1526 891 1574 932 cll
1599 892 1744 925 titulum

37 947 198 982 Samium
221 949 374 992 (editum
403 962 426 984 a
450 949 623 984 Gue‘rinio
645 951 866 993 description
890 950 933 983 de
958 950 1100 986 Patmos
1123 952 1159 982 et
1181 950 1224 982 de
1248 950 1375 984 Samos
1396 960 1432 992 p.
1447 949 1532 993 215)
1543 962 1556 981 .·
1581 943 1603 984 ὃ
1628 949 1745 994 δῆμος

6 1037 16 1054 Δ,
39 1005 229 1042 Κλαυδίαν
254 1000 476 1043 Ὀκταουίαν
505 1002 575 1053 τὴν
603 1012 766 1054 γυναῖκα
800 1009 870 1044 τοῦ
899 1008 1104 1054 Σεβαστοῦ
1132 1006 1316 1054 Νέρωνος
1349 1006 1539 1042 Κλαυδίου
1568 1001 1747 1052 Δρούσου

8 1102 15 1107 ,
39 1061 238 1109 Καίσαρος
259 1064 503 1108 Γερμανικοῦ
526 1058 815 1111 αὐτοκράτορος
823 1078 837 1105 ,·
860 1063 908 1104 cll
932 1065 1040 1097 etiam
1064 1064 1226 1098 719015.

151 1152 239 1199 223
281 1154 401 1195 hiliae
417 1157 614 1208 Augustae
640 1154 647 1209 Ι
674 1156 1080 1196 Germanici-Caisaris
1102 1152 1167 1211 [fl]
1192 1140 1459 1211 {Agrippinai‚
1481 1151 1488 1209 Ι
1511 1154 1569 1194 Ti.
1592 1149 1750 1209 C[lau‹li

5 1266 10 1268 ,
42 1218 248 1279 0]aisa[n·s
276 1220 453 1278 Auqusti]
482 1222 490 1277 Ι
515 1253 525 1263 .
558 1253 568 1263 .
600 1253 610 1263 .
642 1253 653 1263 .

91 1305 94 1307 >
154 1289 264 1323 Caere
286 1300 359 1332 rep.
386 1288 457 1332 (XI
474 1292 584 1331 360ος
607 1290 770 1323 Huebner
792 1302 848 1324 ex.
872 1301 941 1324 scr.
966 1301 1020 1333 ep.
1044 1290 1138 1334 102).

152 1378 240 1426 224
282 1382 342 1421 Ti.
363 1381 535 1430 Claudio,
562 1381 570 1435 Ι
596 1382 656 1422 Ti.
682 1382 814 1423 Claudi
847 1383 1021 1423 Caesaris
1046 1381 1053 1438 Ι
1079 1383 1244 1436 Augusti
1266 1382 1492 1423 Germanici
1518 1380 1524 1433 Ι
1550 1395 1589 1434 p.
1620 1393 1659 1433 p.
1691 1381 1747 1427 f.¹‚

0 1445 8 1498 s
39 1448 209 1489 Neroni²
233 1446 241 1504 Ι
267 1449 421 1489 Caesari
446 1447 453 1503 Ι
479 1451 515 1489 d.
546 1450 584 1489 d.

155 1514 309 1558 Neapoli
330 1517 370 1548 in
391 1526 522 1558 museo,
546 1517 721 1560 Pompeiis
743 1519 784 1549 at
806 1518 949 1550 videtur
971 1529 1045 1561 rep.
1072 1518 1124 1561 (X
1141 1519 1241 1562 932).
1266 1537 1310 1543 ——
1338 1516 1479 1550 Titulus
1499 1518 1639 1559 positus
1658 1518 1746 1558 puto

0 1590 2 1593 ·
39 1570 178 1605 Neroni
200 1581 274 1604 non
296 1571 449 1604 muttum
466 1576 552 1615 post
572 1573 800 1615 adoptionem
823 1573 882 1616 (V
890 1574 960 1616 kal.
976 1574 1083 1608 Mart.
1100 1586 1131 1608 a.
1147 1577 1192 1608 50
1216 1574 1264 1614 cf.
1288 1574 1334 1608 N.
1350 1575 1421 1608 229
1443 1585 1476 1607 υ.
1490 1573 1567 1615 58),
1589 1571 1749 1604 nondum

0 1649 2 1651 »
41 1627 182 1660 consuli
203 1627 388 1670 designato
412 1630 447 1660 et
467 1629 648 1662 sacerdoti
671 1629 903 1671 collegiorum
927 1618 1086 1664 omni-um
1111 1629 1175 1673 (ef.
1195 1630 1237 1664 N.
1253 1632 1326 1665 222
1343 1634 1416 1664 not.
1431 1631 1485 1673 3).
1533 1628 1575 1661 In
1590 1629 1658 1661 hoc
1671 1627 1748 1660 solo

3 1684 5 1688 ⁴
41 1683 147 1718 titulo
162 1682 304 1717 Ner-om·
326 1684 435 1717 datur
455 1683 589 1717 Tiberii
605 1696 843 1728 praenomen,
868 1697 947 1719 cum
972 1689 1010 1720 in
1033 1688 1183 1730 reliquis
1207 1688 1368 1720 omnibus
1383 1685 1481 1719 Nero
1502 1685 1751 1728 praenominis

42 1739 159 1774 locum
182 1743 349 1783 occupet5
372 1743 527 1774 ceterum
551 1743 658 1775 etiam
682 1742 753 1775 Dio
777 1743 893 1786 (apud
913 1743 1002 1777 Zon.
1020 1743 1072 1784 11,
1090 1743 1146 1787 10)
1179 1743 1295 1784 filium
1320 1743 1544 1786 Agrippinae
1571 1740 1749 1789 Τιβέριον

0 1794 26 1842 *J
43 1793 233 1834 Κλαύδιον
244 1795 408 1843 Νέρωνα
425 1799 603 1843 Δροῦσον
618 1795 863 1845 Γερμανικὸν
880 1800 1059 1846 Καίσαρα
1075 1811 1097 1833 a
1116 1799 1265 1833 Claudio
1282 1799 1501 1842 appellatum
1517 1809 1590 1831 esse
1611 1799 1749 1832 scribit.

156 1887 241 1934 225
285 1890 389 1930 Nero
410 1890 593 1931 Claudius
614 1891 689 1931 divi
711 1891 844 1932 Claudi
865 1893 904 1940 f.‚
931 1891 939 1943 Ι
966 1892 1189 1932 Germanici
1211 1891 1386 1932 Caesaris
1415 1892 1484 1940 n.¹,
1514 1890 1591 1931 divi
1615 1890 1622 1945 Ι
1649 1890 1748 1943 Aug.

0 1955 174 2014 ἕψῃ),
203 1956 263 1997 Ti.
295 1957 470 1998 Caesaris
498 1959 650 2011 pron.⁸‚
676 1957 684 2013 Ι
710 1965 759 1999 tr.
788 1959 910 2012 pot.⁴‚
942 1959 1052 2012 imp„
1082 1972 1163 2000 cos.
1190 1959 1197 2011 Ι
1225 1990 1234 1999 .
1257 1990 1266 1998 .
1290 1990 1299 1999 .
1323 1989 1333 1998 .

159 2023 274 2067 Prope
291 2024 489 2058 Cordubam
509 2036 594 2068 rep.,
619 2025 711 2069 lapis
727 2026 908 2059 miliarias
924 2026 1079 2058 eiusdem
1102 2028 1182 2058 viae
1205 2027 1310 2058 cuius
1326 2025 1368 2059 Ν.
1386 2026 1462 2060 102.
1479 2025 1546 2060 193
1570 2024 1748 2067 (114719).

2 2086 29 2125 ζ
47 2097 91 2104 -
118 2081 150 2120 1)
175 2078 379 2113 Germanici
400 2090 508 2123 nepos
529 2080 605 2121 fuit
627 2080 725 2115 Nero
751 2093 818 2125 per
840 2086 989 2116 matrem
1012 2083 1264 2126 Agrippinam.
1288 2100 1333 2108 —-
1357 2083 1392 2122 2)
1416 2082 1574 2125 Augusti
1596 2083 1751 2124 abnepos

3 2134 144 2173 Nero
167 2134 244 2175 fuit
266 2136 402 2179 duplici
423 2140 580 2181 ratione,
611 2141 646 2170 et
663 2149 732 2181 per
755 2140 875 2172 aviam
898 2140 1139 2182 Agrippinam
1162 2141 1350 2177 maiorem,
1380 2141 1510 2182 quippe
1541 2149 1634 2181 quae
1663 2140 1751 2171 nata

3 2184 135 2241 §fossat
155 2203 202 2225 etc
224 2192 319 2226 Iulia
340 2193 499 2235 Augusti
520 2193 610 2236 filia,
636 2198 669 2227 et
688 2205 755 2237 per
778 2206 882 2228 avum
909 2195 1172 2236 Germanicum,
1198 2197 1328 2239 quippe
1352 2197 1415 2238 qui
1435 2206 1501 2238 per
1524 2195 1751 2237 adoptionem

3 2245 169 2296 &tactus
197 2251 286 2282 esset
315 2259 424 2292 nepos
446 2250 615 2292 Augusti.
645 2270 691 2276 —
723 2253 758 2294 3)
782 2252 916 2285 Mirum
934 2263 1113 2295 proavum
1145 2253 1355 2286 collocatum
1385 2262 1456 2284 esse
1481 2254 1564 2294 post
1588 2252 1750 2285 abavum.

1 2302 201 2348 ,[’Ϋὺἰοᾱιν
219 2304 354 2338 Tiberii
375 2308 507 2339 mentio
526 2309 686 2350 primum
710 2309 850 2349 omissa,
877 2312 950 2341 tum
974 2309 1113 2342 adiecta
1137 2320 1159 2341 a
1177 2308 1411 2352 quadratario
1428 2308 1506 2340 Ioco
1523 2318 1595 2341 non
1610 2318 1687 2349 suo,
1710 2318 1751 2340 eo

5 2359 185 2395 :scilieet
201 2362 276 2395 Ioco
294 2372 364 2404 qua
380 2363 492 2395 scribi
507 2362 677 2396 debebant
694 2363 856 2397 Caesaris
872 2367 907 2397 ct
920 2366 1078 2408 Augusti
1101 2365 1284 2398 vocabula.
1325 2365 1485 2397 Proavus
1500 2363 1656 2397 Neronis
1678 2362 1755 2404 fm't

53 2414 234 2459 marius,
263 2421 386 2462 utpote
413 2421 518 2462 pater
545 2420 732 2463 adoptivus
757 2420 969 2455 Germanici.
993 2440 1039 2446 —
1062 2423 1096 2464 4)
1119 2421 1217 2454 Nero
1241 2431 1319 2454 cum
1344 2423 1541 2463 imperator
1563 2419 1684 2460 factus
1703 2422 1754 2454 sit

106 2474 152 2510 15
169 2474 241 2509 Oct.
258 2477 313 2516 54,
338 2476 570 2508 tribuniciam
590 2479 799 2518 potestatem
824 2477 974 2510 alteram
998 2481 1138 2520 oportet
1166 2478 1393 2510 inchoaverit
1416 2477 1450 2511 d.
1474 2477 1519 2512 13
1537 2477 1610 2511 oce.
1626 2479 1682 2511 55.
1706 2496 1751 2501 -

75 2530 89 2571 )
110 2530 269 2565 Dimum
299 2532 523 2565 consulatum
548 2531 644 2565 Nero
676 2534 763 2565 iniit
786 2543 818 2566 a.
840 2535 897 2567 55.
942 2533 1026 2567 Nisi
1055 2535 1172 2577 igitur
1195 2533 1266 2567 des.
1291 2534 1386 2567 deest
1403 2537 1488 2577 post
1510 2543 1600 2575 cos.‚
1628 2533 1754 2567 titulus

87 2602 89 2609 ι
113 2588 187 2620 tm
208 2590 261 2621 est
282 2590 377 2622 inter
401 2588 470 2623 kal.
496 2589 572 2622 lan.
597 2591 632 2621 et
654 2588 699 2622 13
718 2588 791 2622 Oct.
809 2599 841 2622 α.
855 2590 911 2623 55.
941 2609 988 2615 -
1018 2591 1138 2624 Patris
1157 2591 1302 2633 patriae
1325 2601 1453 2624 nomen
1476 2589 1572 2623 Nero
1592 2592 1753 2633 primum

95 2662 109 2671 w
140 2647 260 2677 catus
283 2649 332 2678 est
357 2645 470 2688 (Suet.
495 2645 580 2680 Ner.
604 2646 663 2689 8),
699 2646 793 2678 uude
824 2648 932 2678 etiam
963 2648 1002 2679 in
1031 2649 1187 2680 nummis
1217 2649 1396 2690 comparet
1426 2653 1499 2680 una
1530 2657 1609 2680 cum
1638 2646 1753 2679 altera

167 2719 168 2722 =
212 2702 407 2734 tribunicia
428 2704 602 2744 potestate
627 2701 778 2744 (Eckloel
797 2704 829 2742 6,
852 2703 950 2746 263).

50 2813 70 2818 .
164 2778 251 2825 226
294 2781 341 2828 Ο.
373 2782 530 2823 Volusio
566 2783 737 2829 saturn..
764 2782 770 2836 Ι
798 2783 839 2823 P.
871 2783 1053 2824 Cornelio
1083 2784 1188 2837 Scip.
1220 2786 1335 2832 cos.¹‚
1362 2786 1368 2835 Ι
1395 2783 1628 2836 Augustales
1653 2782 1660 2835 Ι
1686 2782 1754 2833 qui

0 2864 3 2866 ·
52 2840 104 2910 ᾖ,
124 2842 134 2887 l
157 2843 168 2888 1
192 2845 201 2889 l
225 2845 268 2889 Ι*
288 2849 447 2890 Claudio
475 2848 481 2904 Ι
508 2850 661 2890 Caesari
683 2852 846 2903 August.
877 2858 916 2892 et
938 2849 943 2903 Ι
965 2850 978 2893 l
999 2849 1012 2893 ,Ι
1034 2848 1043 2893 l
1067 2850 1080 2894 Ι
1101 2849 1112 2894 i
1136 2849 1145 2893 l
1169 2850 1179 2895 l
1203 2850 1212 2893 l
1239 2850 1275 2892 {²
1295 2853 1491 2902 Augustae
1521 2854 1541 2899 Ι,
1575 2850 1602 2888 1.
1634 2863 1670 2889 o.
1700 2861 1752 2888 m.

122 2913 247 2956 Genio
278 2918 456 2958 coloniae
482 2918 488 2970 Ι
515 2918 629 2958 ludos
658 2919 776 2958 secer.
807 2918 895 2959 Xlll
926 2919 996 2959 xli
1027 2920 1064 2960 k.
1095 2920 1222 2966 Mart„
1257 2919 1264 2967 Ι
1291 2919 1331 2958 C.
1363 2918 1554 2958 Tantilius
1584 2918 1624 2958 C.
1656 2917 1697 2958 C.
1728 2917 1753 2957 Ι.

47 2999 77 3013 2<-
116 2980 163 3030 h,
189 2981 196 3036 Ι
222 2983 293 3024 Cn.
315 2985 460 3025 Pollius
484 2986 554 3025 Cn.
586 2986 610 3025 Ι.
636 2985 778 3034 Victor,
806 2985 813 3038 Ι
839 2987 879 3026 C.
911 2987 1032 3028 lulius
1062 2988 1103 3027 C.
1136 2988 1160 3027 Ι.
1183 2987 1380 3039 Glaphyr„
1408 2984 1415 3039 Ι
1442 2984 1715 3026 curatoribus⁸
1745 2983 1751 3039 Ι

69 3069 385 3098 ...........
