1968 3268
183 140 265 180 576
931 126 1050 189 caput
1072 143 1118 178 x.

294 255 426 289 Romae
454 267 565 300 prope
596 257 796 289 columnam
831 255 983 290 Traiani
1015 256 1088 300 (VJ
1111 258 1196 291 4486
1225 258 1331 291 semel
1370 258 1548 301 descripta
1575 268 1666 294 saec.
1694 257 1808 304 XVI).
1837 277 1884 287 —

183 313 216 355 1)
232 313 275 346 A.
292 311 484 347 578-595.
502 331 544 336 -
571 313 604 354 2)
622 312 774 346 Videtur
799 312 925 346 Victor
946 315 1102 356 scriptor
1125 315 1328 356 historicus,
1351 325 1385 348 a.
1399 314 1465 349 564
1482 315 1688 348 Pannoniae
1708 315 1883 351 comam

183 379 206 402 a
238 369 381 402 Iuliano
412 370 654 412 praepositus,
681 363 809 402 ‘multo
837 372 921 412 post
950 371 1035 403 urbi
1062 364 1284 413 praefectue’
1317 371 1446 411 (Amm.
1478 371 1589 405 Mare.
1612 370 1669 413 24,
1691 370 1816 416 mc).
1839 390 1883 402 1-

182 426 315 459 Falsus
340 428 391 457 est
414 425 541 458 titulus
564 425 675 458 eidem
702 425 842 460 Victori
865 427 1067 459 attributus·
1083 426 1186 460 Orell.
1209 426 1297 461 5745
1322 428 1382 467 (=
1397 426 1432 460 0.
1459 427 1497 461 V
1511 426 1630 471 486*).

300 513 413 561 2946
457 515 643 556 Eusebii.¹
671 515 677 570 Ι
704 517 751 564 Q.
781 517 876 557 Aur.
907 517 1140 570 Symmacho
1173 530 1208 557 V.
1239 530 1288 566 c.‚
1315 516 1321 571 Ι
1348 525 1511 571 quaest„
1540 524 1679 572 praet„
1707 518 1885 572 pontifici

186 582 192 638 Ι
210 584 348 624 maiori
358 584 384 633 ²,
406 584 622 624 correctori
639 584 834 625 Lucaniae
850 591 889 625 et
904 585 1132 626 Brittiorum
1142 586 1167 635 ³,
1192 584 1197 639 Ι
1217 586 1348 626 comiti
1364 586 1514 628 ordinis
1527 586 1647 636 tertii,
1669 584 1677 641 Ι
1698 597 1884 639 procons.

186 651 375 700 Africae⁴‚
406 653 528 704 praef.
556 650 562 706 Ι
589 653 705 702 urb.⁵‚
744 666 824 694 cos.
856 654 1092 702 ordinario⁰‚
1130 651 1137 708 Ι
1171 654 1317 694 oratori
1357 653 1634 703 disertissimo,
1671 652 1678 708 Ι
1712 653 1760 701 Q.
1788 653 1883 695 Fab.

183 720 341 760 Memm.
374 720 651 773 Symmachus⁷
679 720 684 773 Ι
710 734 745 761 v,
777 735 811 762 c.
843 722 943 774 patri
974 722 1136 774 optimo.

298 784 431 819 Romae
461 788 501 819 in
531 791 649 820 monte
674 788 811 832 Caelio,
841 790 904 821 ubi
928 789 1158 833 Symmachos
1188 789 1402 821 habitavisse
1431 792 1582 832 apparet
1609 799 1657 822 esc
1678 787 1886 832 Symmachi

186 843 343 874 oratoris
359 853 410 885 ep.
427 843 463 885 5,
479 844 534 877 42.
552 845 606 878 88.
630 844 661 885 7,
678 844 731 885 48,
748 856 836 888 rep.,
852 847 903 878 ibi
917 847 980 878 ubi
1004 846 1107 878 hodie
1123 848 1175 877 est
1190 844 1274 877 villa
1293 844 1411 878 Casali
1428 845 1496 889 (VI
1509 845 1593 879 4699
1608 845 1700 878 vidit
1713 844 1885 887 Hannon).

189 897 328 931 Titulus
344 901 487 941 positus
511 900 723 943 Symmacho
749 903 888 935 oratori
919 912 941 934 a
973 901 1050 941 filio
1075 901 1114 942 Q.
1138 901 1253 934 Fabio
1278 901 1440 934 Memmio
1465 901 1686 945 Symmacho.
1731 901 1786 934 De
1808 902 1885 934 vita

184 954 392 998 Symmachi
414 958 490 998 egit
504 956 612 990 Seeck
630 957 750 1000 praefi
769 959 817 991 ad
833 958 965 1002 Symm.
989 968 1023 1000 p.
1041 957 1191 991 XXXIX
1198 969 1268 1000 seq.
1291 959 1409 991 Patris
1431 960 1508 991 eius
1531 958 1676 991 titulum
1698 958 1886 991 habuimus

183 1021 293 1054 supra
323 1011 367 1046 N.
393 1013 491 1047 4257.
515 1033 559 1038 —-
585 1016 617 1056 1)
640 1015 827 1057 Agnomen
852 1015 1058 1059 Symmachi
1083 1017 1272 1057 praeterea
1302 1016 1476 1056 ignotum.
1501 1033 1543 1039 —-
1574 1015 1608 1057 2)
1639 1013 1884 1048 Sacerdotium

183 1069 325 1110 saepius
347 1074 567 1103 memoratur
591 1072 633 1103 ab
658 1073 735 1113 ipso
759 1072 969 1116 Symmacho
996 1070 1064 1112 (cf.
1090 1070 1196 1104 Seeck
1214 1081 1251 1114 p.
1275 1070 1394 1104 XLVI
1414 1073 1486 1103 not.
1510 1070 1603 1114 457).
1621 1089 1665 1095 —
1690 1071 1726 1112 3)
1749 1070 1792 1104 A.
1815 1070 1883 1104 365

186 1124 279 1163 (cod.
314 1123 441 1159 Theod.
474 1128 514 1167 8,
545 1128 587 1167 ὅ,
618 1127 693 1169 25).
731 1147 776 1151 -
811 1130 846 1169 4)
882 1127 1076 1161 Proconsul
1109 1126 1258 1166 Africae
1292 1126 1367 1166 fuit
1402 1138 1435 1161 a.
1466 1126 1659 1161 575-574
1693 1125 1741 1166 cll
1776 1125 1885 1159 Seeck

180 1190 218 1222 p.
235 1179 536 1223 XLVIIJXLVIII
554 1187 628 1216 not.
645 1184 708 1216 448
719 1195 789 1226 seq.
815 1183 893 1227 (sed
907 1187 994 1216 nota
1012 1183 1257 1216 Constantium
1281 1185 1343 1226 qui
1366 1185 1398 1215 ei
1422 1183 1562 1216 videtur
1580 1184 1796 1226 successisse,
1811 1192 1884 1215 non

184 1246 299 1268 mense
317 1237 408 1279 Sept.
427 1250 460 1271 a.
476 1240 543 1272 575
556 1242 801 1282 proconsulem
818 1238 940 1280 fuisse,
957 1242 998 1272 ut
1014 1240 1148 1282 legitur
1164 1241 1203 1272 in
1220 1239 1294 1272 cod.
1317 1238 1457 1280 Thena„
1481 1240 1542 1272 sed
1557 1241 1741 1283 aliquanto
1765 1242 1881 1279 antea,

186 1290 232 1331 cf.
249 1303 358 1336 supra
376 1295 424 1326 ad
439 1295 483 1329 N.
500 1296 616 1339 4287).
656 1297 697 1329 In
717 1297 975 1339 proconsulatu
990 1298 1109 1339 posuit
1135 1295 1350 1338 Carthagine
1367 1297 1512 1330 titulum
1527 1297 1621 1330 hunc
1635 1306 1751 1340 nuper
1765 1306 1885 1339 reper-

186 1352 261 1381 tum
291 1350 467 1393 (Comptes
497 1353 629 1386 rendus
652 1354 693 1386 de
718 1354 852 1388 l'Acad.
878 1353 936 1386 des
960 1355 1066 1386 inser.
1090 1353 1176 1386 4889
1197 1363 1232 1396 p.
1256 1353 1360 1397 428).·
1392 1351 1430 1391 Q.
1455 1352 1612 1386 Aurelius
1631 1353 1637 1396 Ι
1658 1351 1883 1397 Symmachus

184 1415 216 1439 v,
242 1415 271 1438 c.
293 1405 298 1449 Ι
319 1408 522 1450 proconsule
546 1419 578 1452 p.
603 1409 642 1443 A.
663 1409 669 1453 Ι
691 1420 721 1443 v.
747 1420 774 1443 s.
798 1410 821 1443 i.
850 1409 1011 1442 constitui
1036 1409 1145 1443 iussit.
1193 1410 1380 1442 Praeterea
1406 1409 1474 1442 huc
1495 1411 1651 1452 pertinet
1674 1408 1766 1442 VIII
1781 1408 1881 1444 5547.

186 1481 226 1486 -
255 1464 289 1504 5)
312 1464 356 1496 A.
379 1465 456 1498 584.
480 1484 525 1489 -
550 1467 583 1508 6)
607 1466 650 1498 A.
673 1466 750 1500 594.
801 1465 958 1499 Titulum
985 1467 1143 1508 positum
1174 1476 1245 1498 esse
1270 1466 1483 1499 crediderim
1513 1476 1587 1499 non
1617 1465 1728 1499 multo
1747 1467 1883 1508 postea,

186 1531 259 1552 una
284 1531 362 1553 cum
385 1521 430 1554 N.
453 1522 549 1555 2947.
573 1541 620 1547 -
644 1524 676 1563 7)
701 1522 797 1555 Idem
820 1524 940 1566 posuit
963 1522 1107 1555 titulum
1133 1524 1194 1565 qui
1216 1524 1389 1564 sequitur.

299 1611 413 1657 2947
456 1615 561 1654 Virio
583 1615 820 1655 Nicomacho
842 1615 1047 1655 Flaviano¹
1080 1627 1111 1654 v.
1134 1627 1167 1654 c.
1195 1612 1201 1667 Ι
1229 1620 1390 1666 quaest„
1412 1619 1548 1666 praet„
1569 1613 1711 1666 pontif.
1732 1614 1882 1663 maiori,

188 1682 387 1721 consulari
417 1683 591 1730 Siciliae,
619 1682 624 1736 Ι
662 1683 804 1723 vicario
835 1683 1024 1732 Africae²‚
1061 1682 1066 1734 Ι
1102 1682 1298 1733 quaestori
1328 1681 1432 1722 intra
1462 1681 1686 1730 Palatium⁸‚
1707 1680 1728 1734 .Ι
1759 1681 1883 1734 praef.

186 1755 310 1801 praet.
341 1750 518 1797 iterum⁴,
555 1748 560 1804 Ι
587 1764 666 1791 cos.
698 1752 812 1799 ord.⁵‚
848 1750 854 1804 Ι
892 1751 1079 1791 historico
1109 1749 1400 1798 disertissim0⁶‚
1435 1747 1441 1803 Ι
1475 1749 1523 1796 Q.
1553 1748 1647 1789 Fab.
1677 1748 1883 1790 Memmius

186 1817 466 1869 Symmachus⁷
494 1831 529 1857 v.
561 1831 594 1858 c.
623 1820 629 1869 Ι
655 1831 869 1871 prosocero
901 1817 1080 1870 optimo!

300 1882 431 1916 Romae
453 1885 505 1917 ibi
527 1886 590 1917 uhi
609 1884 652 1918 N.
672 1886 755 1919 2946
780 1885 851 1928 (VI
870 1884 956 1917 4782
980 1884 1071 1916 vidit
1094 1884 1263 1928 Henzen).
1280 1903 1321 1908 -
1350 1884 1381 1926 1)
1404 1883 1457 1915 De
1474 1881 1691 1916 Nicomacho
1706 1883 1885 1916 Flaviano

187 1943 338 1981 egerunt
354 1940 395 1972 de
411 1939 522 1982 Bessi,
540 1951 617 1974 cum
630 1943 787 1983 primum
805 1942 948 1974 titulum
964 1940 1009 1975 N.
1022 1942 1111 1975 2948
1128 1941 1256 1982 ederet,
1271 1950 1355 1974 ann.
1371 1941 1452 1973 inst.
1469 1940 1568 1975 arch.
1578 1939 1664 1973 4849
1674 1950 1711 1983 p.
1722 1939 1787 1973 294
1799 1949 1883 1982 seq„

185 1997 269 2028 item
287 1995 393 2029 Seeck
408 1996 524 2039 praefi
549 1998 597 2030 ad
610 1990 862 2041 Symmachum
884 2009 919 2041 p.
939 1998 1034 2031 CXII
1042 2008 1111 2040 seq.
1151 1997 1199 2030 Ei
1215 1999 1355 2039 positus
1379 1999 1431 2029 est
1452 1997 1558 2028 etiam
1582 1995 1709 2028 titulus
1722 1994 1768 2028 N.
1782 1995 1883 2029 2948.

186 2052 246 2085 Ad
269 2053 416 2085 eundem
440 2053 546 2085 datae
568 2057 652 2086 sunt
674 2055 846 2097 epistulae
862 2054 1066 2098 Symmachi
1088 2065 1141 2096 ep.
1157 2054 1192 2094 2,
1209 2053 1228 2086 4
1241 2064 1310 2097 seq.
1350 2053 1393 2086 In
1417 2053 1564 2086 eundem
1582 2054 1625 2085 ut
1646 2051 1800 2094 videtur,
1821 2051 1884 2084 eea

186 2110 329 2141 nomine
351 2119 423 2141 non
445 2111 579 2151 posito,
612 2111 794 2143 invehitur
825 2114 951 2143 auctor
983 2111 1152 2143 carminis
1177 2121 1194 2141 e
1218 2110 1338 2143 codice
1361 2110 1543 2142 Parisiaco
1566 2108 1655 2141 editi
1677 2110 1712 2140 et
1733 2107 1777 2140 ab
1801 2107 1883 2140 aliie

186 2168 221 2198 et
251 2177 273 2198 a
305 2166 517 2199 Mommseno
548 2166 663 2199 Herm.
687 2168 708 2199 4
735 2178 771 2210 p.
795 2168 872 2201 554.
905 2185 947 2191 -
981 2168 1014 2209 2)
1045 2167 1087 2199 Α.
1110 2167 1175 2200 577
1206 2165 1298 2209 (cod.
1335 2165 1463 2199 Theoti.
1494 2165 1553 2208 46,
1574 2166 1606 2206 6,
1627 2165 1672 2205 2,·
1699 2163 1878 2198 Ammian.

186 2223 244 2262 28,
268 2224 300 2265 6,
322 2223 370 2256 28
377 2234 390 2263 ,-
413 2223 605 2264 Augustin.
630 2234 682 2265 ep.
707 2224 760 2264 87,
784 2224 816 2263 8,
841 2233 923 2255 nam
948 2224 1006 2256 hic
1031 2233 1167 2266 quoque
1191 2223 1289 2255 locus
1311 2222 1360 2255 ad
1380 2222 1527 2255 eundem
1549 2220 1692 2254 videtur
1711 2222 1881 2262 spectare,

189 2278 235 2318 cfi
253 2279 296 2311 de
311 2279 412 2312 Rossi
428 2290 511 2312 ann.
536 2282 616 2312 inst.
631 2279 716 2312 4849
737 2290 773 2322 p.
791 2281 877 2321 294,·
902 2279 1009 2312 Seeck
1026 2279 1158 2323 Symm.
1177 2277 1296 2322 praefi
1317 2289 1353 2321 p.
1382 2278 1498 2311 CXIV
1513 2282 1584 2311 not.
1599 2276 1694 2320 356).
1711 2295 1754 2301 —
1771 2277 1805 2317 3)
1820 2274 1881 2309 Aa

188 2338 414 2377 quaesturam
438 2337 535 2368 sacri
550 2336 682 2368 Palatii
698 2339 884 2378 promotus
907 2339 959 2367 est
982 2347 1003 2368 a
1023 2334 1216 2368 Theodosio
1242 2329 1272 2378 (¹
1278 2338 1446 2377 quaestor
1468 2334 1573 2367 aulae
1596 2332 1672 2366 divi
1690 2324 1880 2365 Theodosi’

188 2392 322 2424 dicitur
338 2391 383 2425 N.
399 2393 503 2435 2948)
526 2393 648 2435 paullo
674 2395 755 2425 ante
779 2403 811 2425 a.
835 2392 917 2433 585,
940 2390 986 2430 cf.
1011 2391 1053 2424 de
1076 2391 1176 2424 Rossi
1196 2403 1231 2434 p.
1246 2392 1325 2434 296,
1349 2389 1456 2424 Seeck
1474 2400 1512 2432 p.
1531 2388 1649 2423 CXVI.
1665 2406 1710 2413 —
1725 2389 1759 2431 4)
1775 2387 1881 2420 Prac-

120 2472 123 2477 .
187 2448 302 2488 fectus
329 2451 514 2492 praetorio
542 2450 700 2491 primum
731 2447 806 2488 fuit
835 2459 868 2481 α.
892 2448 963 2482 585
995 2447 1087 2491 (cod.
1119 2447 1245 2481 Theod.
1269 2447 1299 2487 7,
1324 2447 1376 2487 48,
1400 2448 1433 2480 8.
1455 2448 1488 2487 9,
1510 2446 1566 2486 29,
1589 2445 1649 2488 2),
1674 2441 1880 2488 praefectus

188 2507 318 2537 iterum
343 2517 374 2539 a.
399 2506 464 2539 594
491 2508 526 2537 et
547 2506 616 2539 592
642 2505 733 2545 (cod.
763 2504 890 2538 Theod.
915 2505 945 2545 4,
971 2504 1001 2546 4,
1023 2505 1047 2537 2
1065 2507 1149 2545 cet.‚·
1172 2506 1217 2537 ib.
1241 2503 1293 2544 40,
1318 2504 1371 2544 40,
1393 2503 1468 2544 20),
1491 2499 1645 2541 fortasse
1666 2502 1739 2533 iam
1761 2510 1796 2533 a.
1810 2500 1880 2534 589

190 2560 255 2604 (cf.
287 2561 394 2594 Seeck
424 2572 458 2604 p.
486 2561 615 2594 CXVII
643 2564 716 2594 not.
746 2561 839 2605 579).
872 2580 916 2584 ——-
949 2562 982 2603 5)
1016 2560 1147 2593 Consul
1176 2561 1383 2593 ordinarius
1411 2557 1532 2598 factus
1563 2560 1614 2590 est
1641 2557 1683 2589 ab
1714 2556 1879 2598 Eugem'o

189 2621 358 2660 tyranno,
383 2620 484 2650 cuius
498 2621 620 2660 partes
641 2621 780 2650 secutus
804 2620 856 2650 est
878 2621 913 2650 et
935 2619 1036 2650 cuius
1061 2617 1162 2650 caedi
1184 2627 1256 2649 non
1278 2616 1489 2657 supervia-it,
1515 2623 1610 2646 anno
1624 2614 1702 2655 594,
1723 2612 1818 2646 unde
1839 2613 1880 2645 in

186 2673 293 2713 fastis
317 2675 485 2716 legitimis
509 2673 608 2706 nulla
632 2675 707 2706 eius
732 2674 934 2706 consulatus
962 2675 1092 2706 mentio
1124 2672 1170 2712 cf.
1197 2673 1239 2705 de
1261 2671 1363 2705 Bessi
1380 2681 1419 2714 p.
1443 2671 1522 2704 508.
1572 2668 1709 2702 Titulus
1739 2668 1881 2705 videm

181 2732 323 2772 positus
346 2741 385 2762 eo
409 2731 485 2772 ipso
510 2740 605 2762 anno
634 2732 718 2763 ante
740 2733 888 2762 mortem
912 2729 1069 2771 Eugenii
1093 2732 1126 2761 et
1148 2730 1261 2771 ipsius
1283 2728 1465 2761 Flaviani.
1480 2744 1527 2751 —·
1542 2726 1576 2767 6)
1593 2725 1749 2759 Annales
1770 2723 1876 2760 Nim-

186 2787 304 2818 machi
328 2796 415 2828 quos
439 2785 617 2818 dedicavit
644 2785 857 2828 Theodosio,
886 2789 1127 2818 memorantur
1150 2784 1251 2824 infra
1275 2782 1321 2817 N.
1343 2783 1433 2817 2948
1458 2781 1545 2826 (not.
1569 2781 1642 2826 42).
1687 2781 1874 2814 stacta-ea

186 2842 329 2874 videtur
351 2844 531 2884 scripsisse
555 2843 596 2874 de
612 2842 802 2884 Apollonio
824 2841 1002 2885 Tyanensi
1026 2841 1158 2884 (Apoll.
1181 2841 1256 2875 Sid.
1281 2851 1332 2883 ep.
1349 2842 1382 2882 8,
1397 2839 1438 2882 5)
1465 2842 1498 2871 et
1519 2837 1673 2878 fortasse
1695 2837 1770 2870 alia
1792 2843 1877 2878 quo-

188 2908 254 2939 que
278 2897 404 2938 (Seeck
422 2901 494 2931 not.
517 2899 614 2942 562).
637 2917 681 2923 ——
708 2900 741 2940 7)
764 2898 860 2930 Idem
884 2899 947 2940 qui
966 2900 1088 2940 posuit
1111 2897 1252 2930 titulum
1276 2898 1338 2939 qui
1356 2895 1550 2939 praecedit.
1576 2913 1613 2919 —
1643 2894 1676 2935 8)
1697 2893 1876 2932 progener

187 2952 263 2991 fuit
284 2953 496 2986 Nicomachi
518 2954 706 2997 Flaviani,
738 2955 843 2987 ducta
867 2954 1030 2986 videlicet
1059 2955 1099 2986 in
1121 2954 1387 2986 matrimonium
1417 2952 1495 2992 filia
1517 2949 1688 2984 Flaviani
1709 2946 1875 2985 iunioris,

189 3011 248 3041 cui
270 3019 396 3042 nomen
419 3010 559 3042 videtur
581 3008 691 3049 fuisse
718 3010 819 3043 Galla
844 3009 968 3051 (Seeck
987 3020 1023 3052 p.
1041 3009 1135 3051 LII).
