1968 3268
115 124 195 163 148
391 114 394 117 ⁴
874 121 994 166 caput
1015 121 1062 156 H.
1684 80 1698 175 ΣΙ

112 237 348 279 aedificandis
372 237 494 270 datum
519 247 590 269 esse
614 238 775 279 apparet,
798 235 861 268 sed
884 235 1009 268 titulus
1032 235 1167 267 incisus
1190 237 1243 267 est
1261 237 1345 277 post
1367 234 1438 268 kal.
1462 234 1578 268 Maias
1601 245 1634 269 a.
1656 184 1729 306 30}
1754 235 1818 279 (es'.

114 293 160 328 N.
176 295 239 328 646
261 297 334 328 not.
351 293 401 338 4).

226 382 313 428 646
355 385 417 424 dd.
458 397 526 424 nn.
563 382 830 423 Diocletianus
875 389 914 421 et
950 382 1206 422 Maximianus
1253 382 1387 422 invicti
1420 381 1427 437 Ι
1461 383 1640 423 seniores
1676 383 1818 436 Augg..

114 459 246 506 patres
267 453 388 504 impp.
410 458 450 492 et
469 451 612 498 Caess„
637 448 781 504 etldd.
807 462 877 489 nn.
900 449 1154 489 Constantius
1175 455 1214 489 et
1232 449 1490 490 Maximianus
1509 450 1644 491 invicti
1663 451 1819 509 Augg.¹

115 526 155 561 et
181 518 187 574 Ι
214 520 405 582 Severus²
435 525 475 559 et
502 517 761 558 Maximinus²
790 516 1024 557 nobilissimi
1060 517 1244 558 Caesares
1279 517 1285 571 Ι
1320 518 1491 559 thermas
1528 518 1661 559 felices
1691 514 1822 575 [Dio]-

113 576 334 647 cletianas³‚
365 610 463 650 quas
481 594 488 651 Ι
508 593 828 653 [M]aximianus⁴
848 597 947 649 Aug.
978 593 1192 653 re[dien]s⁵
1221 608 1269 636 ex
1288 596 1419 636 Africa
1447 593 1822 653 sub{[pr]aesentia

115 664 235 721 maie[
221 662 359 722 [statis]
382 665 577 718 disposuit
597 677 642 705 ac
665 663 670 719 Ι
696 661 824 721 [f]ieri
844 665 957 705 iussit
980 671 1020 705 et
1040 664 1270 705 Diocletiani
1295 665 1393 716 Aug.
1415 664 1546 705 fratris
1565 665 1625 705 sui
1643 662 1650 716 Ι
1666 664 1820 704 nomini

114 734 370 782 consecravit,
401 733 592 785 coemptis
622 732 807 773 aedificiis
832 731 838 787 Ι
865 745 939 785 pro
969 733 1068 773 tanti
1098 733 1229 785 operis
1258 732 1530 785 magnitudine
1551 732 1659 773 omni
1680 732 1787 773 cultu
1811 729 1818 787 Ι

115 803 310 855 perfectas
339 801 526 841 Romanis
555 801 637 841 suis
666 800 956 841 dedicaverunt.

226 868 374 911 Romae,
399 868 589 910 inscriptio
613 868 833 900 thermarum
855 867 1176 908 Diocletianarum‚
1202 877 1293 910 quae
1316 866 1458 900 videtur
1479 869 1519 900 in
1542 867 1700 910 ingentis
1721 865 1820 899 illius

114 924 272 966 aedificii
295 924 537 967 compluribus
558 925 721 967 partibus
742 926 931 966 proposita
954 922 1085 963 fuisse.-
1116 925 1295 965 integram
1319 924 1588 966 inscriptionem
1611 922 1703 956 vidit
1723 922 1821 956 solus

115 984 243 1015 auctor
266 981 428 1025 syllogae
451 980 688 1014 Einsidlensis
712 979 776 1023 (cll
792 991 904 1023 supra
924 990 962 1023 p.
978 981 1026 1014 28
1040 980 1144 1024 not),
1169 979 1323 1013 eiusdem
1344 982 1387 1012 ut
1409 979 1552 1012 videtur
1575 979 1716 1022 lapidis,
1740 989 1820 1012 cum

113 1037 256 1078 fractus
278 1040 375 1080 esset,
400 1036 489 1070 duas
507 1037 711 1079 particulas
734 1036 997 1080 descripserunt
1018 1047 1108 1070 saec.
1125 1035 1212 1069 XVI
1233 1038 1396 1069 auctores
1419 1036 1616 1079 complures
1638 1035 1710 1079 (VI
1722 1036 1818 1077 4450,

113 1095 273 1127 restituit
300 1094 492 1127 Mommsen
519 1093 763 1136 Sitzungsber.
794 1093 858 1126 der
888 1094 1001 1127 sciolis,
1029 1092 1103 1126 Ges.
1134 1093 1198 1126 der
1234 1091 1336 1127 W’iss.
1360 1092 1447 1126 4850
1471 1103 1509 1135 p.
1533 1093 1638 1137 508),·
1672 1093 1821 1126 alterius

115 1150 247 1193 lapidis
272 1160 350 1183 cum
376 1149 496 1182 eadem
524 1150 761 1192 inscriptione
787 1159 902 1193 nuper
925 1149 1108 1192 complura
1131 1147 1338 1192 fragmenta
1358 1148 1578 1191 prodierunt
1599 1149 1672 1192 (VI
1682 1160 1717 1193 p.
1733 1150 1821 1190 845,-

114 1207 206 1250 Eplz.
232 1216 284 1249 ep.
307 1208 340 1248 4,
358 1206 441 1247 7943
463 1205 609 1240 Notizie
631 1205 717 1240 4890
738 1216 774 1249 p.
791 1206 884 1250 485).
909 1225 952 1231 -
982 1206 1012 1248 1)
1039 1204 1178 1238 Titulus
1198 1207 1336 1248 positus
1355 1208 1436 1248 post
1459 1205 1528 1238 kal.
1552 1205 1669 1238 Maias
1692 1216 1725 1239 a.
1740 1206 1821 1248 305,

115 1264 242 1306 quibus
265 1262 511 1296 Diocletianus
533 1265 568 1294 et
587 1261 834 1295 Maximianus
856 1263 1006 1305 imperio
1029 1272 1066 1294 se
1090 1261 1358 1302 abdicaverunt,
1380 1263 1536 1294 seniores
1557 1262 1716 1304 Augusti
1737 1261 1821 1294 inde

113 1320 220 1361 dicti,
250 1321 333 1352 ante
363 1321 544 1362 acceptum
576 1320 744 1351 nuntium
775 1318 818 1351 de
849 1321 960 1351 morte
995 1317 1194 1351 Constantii
1225 1317 1389 1357 defuncti
1419 1318 1576 1352 Eboraci
1606 1329 1640 1351 a.
1674 1318 1708 1351 d.
1733 1317 1824 1352 VIII

112 1375 182 1408 Ital.
206 1376 300 1418 Aug.
325 1376 402 1410 506.
427 1394 470 1399 ——
495 1377 529 1418 2)
553 1375 677 1408 Severi
705 1385 831 1407 nomen
861 1375 968 1418 plane
1000 1374 1150 1408 deletum
1181 1377 1234 1407 est
1267 1376 1307 1407 in
1339 1374 1498 1417 exemplo
1522 1385 1637 1418 nuper
1658 1377 1800 1417 reperto

113 1434 153 1465 in
174 1432 359 1475 particula
387 1432 541 1475 exempli
565 1431 651 1464 olim
673 1433 767 1473 noti,
799 1441 905 1474 quam
929 1430 1021 1463 vidit
1043 1430 1215 1474 Smettus,
1245 1431 1367 1465 Severi
1397 1433 1430 1464 et
1451 1430 1645 1464 Mau-insint·
1673 1432 1821 1464 nomina

111 1497 243 1520 rasura
258 1490 428 1530 temptata
441 1487 564 1527 fuisse,
581 1488 644 1521 sed
655 1490 707 1521 ita
722 1490 765 1520 ut
781 1487 853 1530 legi
866 1476 1061 1530 potuerint,
1077 1487 1317 1530 significatur.
1326 1506 1370 1513 -
1382 1489 1415 1530 3)
1428 1487 1595 1521 Lacunae
1610 1487 1694 1520 inde
1709 1489 1821 1530 ortae,

115 1543 211 1586 quod
233 1546 361 1577 auctor
383 1542 545 1588 syllogae
568 1544 803 1577 Einsidlensis
831 1545 1015 1577 aberravit
1044 1555 1066 1577 a
1089 1545 1260 1578 vocabulo
1284 1543 1513 1577 Diocletianus
1537 1543 1586 1577 ad
1607 1542 1819 1584 Diocletiani,

113 1602 260 1643 praeter
272 1610 408 1643 paucas
425 1601 563 1634 litteras
579 1601 738 1644 suppleri
748 1603 948 1644 potuerunt
971 1611 1017 1634 eoe
1040 1602 1259 1644 apographis
1275 1600 1539 1644 particularum
1561 1602 1668 1634 huius
1690 1601 1821 1644 lapidis

108 1658 371 1700 posterioribus
402 1659 438 1689 et
461 1668 506 1690 ea:
529 1655 699 1696 frustulis
729 1667 844 1700 nuper
873 1659 1035 1700 repertis.
1067 1676 1111 1681 —
1136 1659 1171 1698 4)
1194 1658 1411 1691 Maximiani
1432 1667 1560 1692 nomen
1582 1668 1712 1690 rasura
1735 1659 1820 1690 tem-

107 1716 252 1756 ptatum
281 1712 394 1753 fuisse
418 1715 458 1746 in
478 1713 662 1756 particula
687 1713 837 1757 lapidis,
871 1724 978 1756 quam
1007 1714 1113 1756 vidit,
1143 1715 1329 1757 significat
1350 1715 1522 1756 Smetius5
1551 1715 1591 1746 in
1616 1712 1820 1761 fragmento

111 1779 226 1812 nuper
249 1772 391 1813 reperto
415 1770 560 1803 videtur
583 1773 764 1812 integrum
788 1770 951 1803 relictum
977 1781 1057 1804 esse.
1074 1789 1118 1795 —
1136 1772 1171 1812 5)
1195 1781 1230 1804 re
1247 1796 1255 1804 .
1275 1796 1284 1804 .
1301 1796 1310 1804 .
1335 1774 1439 1804 extat
1459 1772 1499 1803 in
1521 1770 1680 1810 frustula
1704 1780 1820 1814 nuper

112 1829 277 1868 reperto,·
300 1829 407 1858 antea
431 1826 683 1869 suppleverunt
706 1826 839 1860 absens.

225 1914 309 1959 647
354 1916 440 1955 divo
467 1916 472 1971 Ι
499 1917 550 1956 Μ.
582 1918 676 1956 Aur.
709 1917 788 1957 Val.
816 1917 821 1971 Ι
849 1918 1082 1959 Maximiano
1110 1918 1115 1973 Ι
1142 1919 1289 1960 seniori
1315 1918 1321 1973 Ι
1348 1949 1522 1958 ......

225 1982 268 2014 In
286 1992 376 2024 agro
393 1983 618 2015 Amiternino
636 1982 706 2025 (IX
716 1983 802 2017 4546
823 1984 918 2017 vidit
931 1984 1102 2029 Dressel).
1121 2004 1162 2009 -—
1179 1985 1271 2018 Divo
1288 1984 1512 2019 Maximiano
1538 1984 1662 2018 titulos
1679 1985 1821 2026 positos

115 2048 188 2070 non
207 2041 299 2080 puto
323 2040 395 2071 nisi
418 2041 455 2071 in
480 2039 619 2072 dicione
635 2039 814 2072 Maxentii
835 2040 907 2080 filii
931 2042 1018 2074 eius.
1043 2060 1087 2066 —
1102 2041 1241 2075 Alatrz'i
1263 2044 1364 2074 extat
1385 2041 1487 2085 lapis,
1510 2043 1551 2074 in
1574 2050 1655 2084 quo,
1675 2042 1821 2084 praeter

111 2095 382 2136 inscriptionem
409 2094 563 2128 Gallieni
593 2099 704 2128 totam
734 2097 914 2138 abrasum,
947 2100 1144 2130 cernuntur
1176 2097 1247 2131 duo
1277 2098 1376 2131 tituli
1406 2098 1499 2132 alter
1515 2098 1658 2141 positus
1680 2096 1819 2130 Diocle-

110 2150 211 2183 tiano
237 2153 271 2183 et
287 2150 511 2184 Maoeimiano
535 2153 635 2192 vivis,
660 2153 766 2185 huius
789 2155 942 2193 nomine,
967 2158 1008 2185 ut
1028 2155 1173 2196 passim,
1197 2165 1310 2195 eraso,
1335 2156 1427 2188 alter
1447 2155 1585 2197 positus
1600 2154 1682 2187 divo
1700 2152 1818 2186 Maxi-

108 2208 230 2239 miano
253 2217 276 2239 a
299 2210 427 2240 senatu
448 2208 650 2251 populoque
673 2208 871 2242 Aletrinate
896 2210 946 2252 (X
965 2211 1082 2254 5805).

222 2295 308 2342 648
353 2298 528 2350 piissimo
559 2311 603 2339 ac
636 2300 849 2340 fortissimo
875 2298 882 2353 Ι
908 2300 1107 2340 fundatori
1128 2302 1235 2353 pacis
1261 2301 1266 2356 Ι
1293 2314 1338 2342 ac
1357 2301 1538 2354 publicae
1565 2299 1572 2355 Ι
1597 2300 1786 2341 libertatis
1812 2299 1818 2355 Ι

114 2366 277 2413 auctori,
306 2364 311 2417 Ι
339 2366 375 2405 d.
409 2379 447 2405 n.
469 2366 601 2407 Flavio
623 2367 704 2407 Val.
725 2365 731 2417 Ι
749 2367 982 2408 Constantio
1010 2366 1015 2421 Ι
1043 2368 1287 2409 nobilissimo
1308 2369 1444 2418 Caes.¹‚
1469 2368 1571 2422 lVal.
1593 2368 1819 2409 Honoratus

112 2444 147 2471 v.
180 2444 221 2484 p.
250 2430 255 2485 Ι
282 2439 354 2472 rat.
386 2446 416 2473 s.
449 2435 511 2483 12²,
542 2437 578 2474 d.
612 2449 650 2474 n.
683 2448 734 2474 m.
767 2448 803 2487 q.
836 2436 931 2475 eius.

228 2497 358 2531 Romae
374 2510 447 2542 rep.
465 2503 504 2533 in
519 2500 603 2539 foro
622 2500 791 2543 (V14432
809 2501 1072 2544 descripserunt
1087 2504 1234 2545 Pighius
1259 2503 1420 2547 aliique).
1445 2522 1488 2527 —
1515 2504 1547 2544 1)
1563 2502 1606 2535 A.
1622 2502 1818 2537 295—505.

114 2573 156 2578 —
177 2555 211 2595 2)
229 2554 297 2587 Vir
310 2554 590 2597 perfectissimus
613 2557 803 2590 rationalis
818 2568 975 2591 summae
991 2560 1054 2592 rei.
1070 2578 1115 2583 —
1132 2559 1265 2593 Eodem
1290 2560 1366 2592 loco
1386 2562 1510 2602 postea
1531 2558 1671 2601 prodiit
1693 2558 1819 2592 tiendus

115 2610 185 2654 (VJ
200 2611 307 2655 4155)
333 2622 433 2653 quem
459 2613 569 2645 eidem
590 2613 796 2646 Constantio
819 2615 939 2656 posuit
961 2613 1120 2649 Tacitius
1135 2616 1243 2649 Felix
1265 2626 1297 2648 υ.
1316 2625 1356 2657 p.
1375 2613 1602 2658 rat(ionalis)
1625 2613 1817 2658 s(ummae)

108 2666 325 2711 p(rivatae).

225 2755 310 2802 649
354 2759 514 2798 domino
538 2766 674 2799 nostro
694 2758 698 2812 Ι
719 2760 758 2799 C.
781 2760 912 2800 Flavio
938 2762 1087 2801 Valerio
1105 2762 1109 2815 Ι
1129 2762 1358 2802 Constantio
1385 2760 1391 2814 Ι
1418 2761 1661 2802 nobilissimo
1683 2761 1789 2802 Caes.
1809 2759 1815 2815 Ι

115 2825 190 2865 col.
223 2827 296 2865 col.
324 2825 330 2879 Ι
357 2826 429 2866 Iul.
460 2826 558 2877 Aug.
592 2827 694 2866 Sald.
722 2826 727 2880 Ι
756 2827 920 2878 legionis
951 2828 1020 2867 Vll
1046 2827 1052 2881 Ι
1079 2829 1292 2870 immunis.¹

231 2892 352 2925 Saldis
383 2894 422 2925 in
454 2892 681 2926 Mauretania
716 2893 885 2937 (Bougie)
917 2905 992 2936 rep.
1023 2894 1184 2936 (Becueil
1214 2895 1255 2928 de
1280 2895 1508 2929 Constantine
1530 2896 1576 2929 25
1595 2906 1633 2938 p.
1656 2895 1750 2939 426).
1774 2913 1818 2919 ——

116 2970 157 3058 Rs
176 2969 300 3003 Coloni
324 2971 485 3005 coloniae
508 2972 621 3005 Iuliae
644 2972 828 3013 Augustae
852 2972 1077 3006 Saldensium
1102 2974 1252 3016 legionis
1280 2974 1451 3016 septimae
1480 2974 1667 3014 immunis‚·
1698 2971 1744 3013 cll
1771 2973 1819 3006 ad

152 3049 161 3059 .
185 3027 261 3060 662.
