1968 3268
214 116 331 154 Tituli
353 116 599 153 ministrorum
622 115 751 152 domus
772 115 963 161 Augustae
985 112 1211 150 condicionis
1230 111 1426 148 libertinae
1447 114 1486 147 et
1508 110 1660 147 servilis.
1700 108 1783 148 335

199 229 314 277 1558
350 232 389 272 d.
408 215 471 271 ¹m.
496 229 505 284 Ι
529 230 581 271 Μ.
601 230 697 271 Aur.
716 230 816 283 Aug.
845 229 914 270 lib.
934 228 1155 269 Alexander
1178 226 1187 282 Ι
1211 240 1252 281 p.
1273 239 1313 280 p.
1342 226 1474 267 tabell.
1502 232 1552 267 st.
1571 225 1642 265 XX
1668 226 1788 276 her.¹‚

85 301 162 342 see.
192 296 356 355 Donalto
386 299 467 339 filio
488 298 715 339 dulcissimo
744 303 785 338 et
811 297 885 338 sibi
910 295 918 351 Ι
943 302 983 336 et
1002 295 1097 343 suis,
1129 301 1168 335 et
1194 294 1377 335 Claudiae
1396 291 1599 349 Maca2riae
1628 293 1790 345 coniugi

86 368 334 410 sanetisimae
366 371 450 416 (sic)
491 364 497 422 Ι
530 372 570 407 et
596 366 727 406 libert.
756 364 887 405 libert.
918 370 1067 418 poster.
1097 375 1248 404 eorum.

196 434 327 468 Romae
357 433 430 478 (VI
452 434 539 467 8445
569 433 660 466 vidit
691 431 861 475 Henzen).
893 450 938 456 —
981 432 1013 472 1)
1041 431 1273 474 Ptaepositus
1311 429 1585 463 tabellariorum
1619 427 1789 462 stationis

86 494 276 526 vicesimae
298 490 563 524 hereditatium.

199 591 312 638 1554
353 593 391 632 d.
422 604 475 631 m.
501 590 508 645 ι
534 591 579 631 P.
608 591 719 631 Aelio
747 591 846 642 Aug.
876 590 904 630 1.
938 588 945 644 Ι
979 589 1193 643 Prothymo
1229 588 1350 628 tabul.
1383 588 1391 643 ι
1418 576 1498 628 ῑῑ
1523 588 1608 628 her.
1646 587 1787 628 Aemil.

85 662 267 715 Liguriae
293 658 300 714 Ι
324 659 639 712 Transpadana,
665 656 673 713 Ι
699 658 812 711 Ulpia
837 658 936 710 Aug.
966 656 993 696 l.
1015 656 1169 696 Clarina
1193 654 1202 710 Ι
1228 656 1403 696 coniunx
1432 662 1473 696 et
1500 656 1585 696 Aeli
1609 654 1616 710 Ι
1643 655 1790 696 Similis

85 736 126 770 et
153 729 390 782 Prothymus
419 727 474 767 fili
498 725 505 781 Ι
531 726 634 779 patri
662 724 949 766 benemerenti.
976 722 983 776 Ι
1009 723 1083 764 Hic
1101 724 1178 764 hoc
1206 724 1450 776 praetorium
1479 736 1570 764 cum
1596 722 1604 778 Ι
1630 723 1788 764 balineo

85 810 108 837 a
137 798 222 838 solo
251 796 387 837 erexit.

204 864 319 906 Prope
341 862 560 895 Placentiam
582 871 657 904 rep.
682 859 751 904 (XI
772 859 865 893 4222
889 858 983 891 vidit
1003 858 1216 902 Bor-mann).

200 963 311 1010 1555
355 965 414 1005 dis
432 963 616 1004 manibus
640 961 648 1017 Ι
673 962 725 1002 Μ.
746 963 862 1015 Ulpio
884 961 983 1014 Aug.
1004 961 1073 1001 lib.
1100 959 1108 1015 Ι
1134 961 1324 1002 Gresiano
1345 974 1408 1002 an.
1428 960 1615 1010 XXXXV,
1642 961 1649 1010 Ι
1674 961 1791 1002 tabu-

85 1035 184 1075 lario
212 1033 282 1073 XX
296 1029 583 1087 herolditatium
611 1031 707 1071 item
741 1028 946 1086 tabullario
986 1029 1212 1082 provinciae
1241 1025 1559 1084 Lugufldunensis
1597 1034 1638 1069 et
1666 1030 1790 1082 Aqui—

84 1099 269 1155 tamicae,
306 1101 401 1141 item
437 1099 629 1140 tabulario
667 1095 904 1154 proli-inciae
943 1096 1186 1145 Lusitaniae,
1220 1095 1228 1152 Ι
1261 1097 1299 1137 h.
1338 1110 1370 1138 s.
1409 1109 1444 1137 e.
1502 1097 1542 1137 S.
1581 1102 1610 1137 t.
1651 1093 1709 1153 [t.]
1746 1098 1787 1137 l.¹

84 1169 197 1222 Ulpia
226 1168 293 1208 Pia
318 1167 325 1223 Ι
351 1167 511 1220 coniugi
541 1168 568 1206 f.
598 1179 634 1207 o.

198 1235 241 1268 In
273 1235 466 1278 Hispania,
496 1234 573 1267 laco
606 1233 700 1267 dicto
731 1232 945 1266 Villanueva
978 1231 1021 1264 de
1052 1231 1105 1264 los
1135 1229 1315 1271 Infantes,
1354 1232 1405 1264 ibi
1424 1241 1540 1274 prope
1560 1232 1625 1264 ubi
1646 1231 1791 1264 videtur

82 1291 194 1332 luisse
219 1290 375 1325 Mentesa
403 1291 640 1324 Oretanorum
670 1291 866 1322 memorata
896 1299 918 1320 a
942 1288 1059 1321 Plinio
1083 1288 1117 1322 Ιι.
1140 1298 1176 1321 n.
1200 1288 1237 1328 3,
1258 1288 1295 1327 3,
1318 1287 1366 1320 25
1391 1285 1445 1329 (11
1466 1287 1564 1322 5235
1594 1287 1643 1321 ad
1673 1297 1790 1321 exem·

81 1348 185 1391 plum
208 1350 418 1380 accuratum
442 1346 680 1380 Valenzuelae
701 1345 838 1386 factum
860 1355 951 1378 saec.
974 1343 1104 1387 XVII).
1119 1363 1167 1368 —
1191 1346 1225 1386 1)
1248 1343 1307 1377 Sit
1329 1344 1397 1376 tibi
1419 1346 1519 1376 terra
1544 1344 1642 1377 levis.

201 1447 314 1494 1556
356 1450 392 1489 d.
416 1447 640 1513 mssj-Feliei
660 1449 758 1500 Aug.
782 1444 788 1502 Ι
810 1447 878 1487 lib.
900 1444 908 1502 Ι
929 1459 951 1486 a
970 1452 1182 1487 comment.
1204 1443 1211 1499 Ι
1231 1435 1303 1486 XX
1322 1446 1407 1485 her.
1425 1446 1472 1485 H.
1493 1447 1557 1495 c.¹‚
1579 1444 1586 1501 Ι
1604 1446 1760 1486 Hilarus
1782 1444 1788 1500 Ι

87 1518 218 1559 collib.
258 1517 379 1557 tabul.
405 1516 412 1571 Ι
437 1517 509 1556 XX
535 1517 620 1556 her.
651 1528 760 1568 prov.
788 1517 795 1565 Ι
820 1515 1056 1555 Lusitaniae.

204 1583 407 1618 Tarracone
430 1582 487 1623 (ΙΙ
504 1583 589 1615 4484
611 1583 752 1625 saepius
775 1580 984 1624 descm'pta).
1008 1599 1051 1605 —
1079 1581 1111 1622 1)
1134 1580 1167 1613 A
1190 1581 1456 1613 commentariis
1479 1581 1666 1613 vicesimae
1690 1580 1789 1612 ltere-

86 1642 254 1674 astatium
278 1640 472 1683 Hispaniae
495 1639 685 1671 citerioris.

201 1741 313 1787 1557
356 1742 393 1782 d.
422 1754 474 1781 m.
501 1740 507 1795 Ι
534 1741 749 1788 Quintiano
774 1737 780 1793 Ι
807 1751 951 1779 vernae
979 1739 1080 1792 Aug.
1106 1738 1113 1792 Ι
1139 1739 1252 1779 vilico
1283 1746 1323 1780 et
1347 1739 1355 1792 Ι
1380 1740 1531 1780 arcario
1560 1727 1663 1794 ff}
1688 1740 1787 1788 her„

87 1810 185 1851 Iulia
214 1809 361 1862 Hellpis
391 1809 549 1861 coniugi
575 1807 582 1861 Ι
608 1808 647 1848 b.
678 1821 730 1848 m.
760 1821 800 1860 p.

202 1876 346 1910 Salonis
369 1875 440 1919 (111
461 1875 546 1909 4996
568 1875 663 1908 vidit
684 1874 904 1918 Mommsen).

202 1965 318 2011 1558
360 1967 419 2007 dis
436 1964 639 2020 manibus}
662 1966 924 2019 Epitynchani
942 1965 1050 2005 Caes.
1066 1962 1072 2020 Ι
1091 1979 1131 2006 n.
1153 1977 1228 2005 ser.
1252 1965 1495 2014 Candidian„
1518 1962 1525 2020 Ι
1547 1965 1615 2018 qui
1635 1965 1791 2005 exiebat

86 2036 129 2076 in
159 2035 290 2075 officio
317 2032 324 2087 Ι
350 2034 462 2074 Asiae
490 2034 573 2073 ark.
603 2033 835 2073 XXhered.¹

202 2101 384 2134 Messanae
400 2099 451 2143 (X
470 2100 553 2134 6977
568 2100 661 2133 vidit
672 2099 892 2144 Mommsen).
908 2119 953 2125 —
979 2102 1013 2143 1)
1029 2100 1192 2134 Mortuus
1209 2102 1260 2132 est
1272 2100 1543 2144 Epitynchanus
1567 2101 1638 2132 iter
1652 2098 1792 2139 faciens

86 2161 127 2192 in
149 2159 286 2198 Asiam,
308 2160 350 2190 ut
372 2158 425 2189 ibi
446 2167 593 2189 munere
613 2167 679 2190 suo
701 2154 918 2199 fungeretur
942 2157 1056 2201 (Mo).

201 2258 314 2305 1559
359 2259 542 2299 Secundo
571 2258 641 2298 XX
670 2259 752 2299 her.
780 2258 786 2312 Ι
819 2259 883 2298 vil.
923 2271 1132 2307 summan,
1172 2259 1365 2314 Urjbanae
1395 2257 1533 2305 matri,
1559 2254 1567 2311 Ι
1602 2257 1789 2311 Clymene

91 2340 191 2381 cog„
218 2326 225 2381 Ι
252 2327 514 2379 Primigenius
545 2326 613 2365 XX
626 2326 712 2367 her.
738 2324 746 2379 Ι
770 2322 878 2382 se[r.]
901 2357 910 2365 .
935 2356 944 2365 .
968 2356 977 2365 .
1001 2357 1010 2365 .

206 2393 364 2428 Thermis
386 2394 426 2426 in
452 2393 577 2427 Sicilia
602 2403 687 2435 rep„
711 2394 763 2425 est
784 2393 954 2426 Panormi
978 2392 1030 2432 (X
1048 2393 1134 2426 7347
1158 2392 1248 2425 vidit
1273 2391 1492 2434 Mommsen).

201 2496 314 2542 1560
359 2527 368 2535 .
391 2527 400 2535 .
423 2527 432 2535 .
465 2527 473 2535 .
506 2527 515 2535 .
547 2527 555 2534 .
584 2511 630 2537 τι
668 2495 764 2551 φῶς
793 2495 1037 2548 Λιτορίουι
1073 2493 1079 2548 Ι
1114 2491 1225 2551 [Aur.
1254 2491 1458 2550 Fa]ustino
1497 2489 1790 2550 Augustol[rum

89 2562 240 2621 liber]t0
262 2560 652 2619 commentar[i]en}si
671 2562 811 2601 XXXX
832 2562 940 2610 Gall„
971 2562 1062 2602 item
1090 2562 1198 2602 urbis
1226 2561 1325 2601 albei
1352 2560 1359 2614 Ι
1384 2561 1564 2602 Tiberis²
1583 2562 1676 2601 item
1698 2574 1791 2613 pro-

86 2633 239 2672 vinciae
268 2630 447 2686 Baehice,
477 2632 569 2671 item
600 2631 755 2683 Alpium
786 2629 913 2676 Cotti..
944 2627 1047 2684 vi'xit
1076 2630 1191 2670 annis
1218 2629 1394 2669 XXXXll
1423 2628 1563 2669 diebus
1590 2628 1761 2675 XXXX1‚
1785 2628 1791 2682 Ι

89 2699 208 2740 Statia
231 2700 468 2740 felicissima
498 2697 668 2753 conilugi
698 2696 1007 2749 incomparabili,
1038 2710 1127 2738 cum
1158 2710 1236 2750 quo
1262 2695 1270 2751 Ι
1295 2697 1387 2737 vixit
1407 2709 1533 2737 annos
1553 2695 1640 2735 XXI
1669 2708 1721 2735 m.
1743 2695 1792 2735 Vl

88 2766 126 2806 d.
156 2767 309 2806 XXXlI.

205 2833 408 2867 Tarracone
441 2832 549 2876 (Eph.
583 2842 635 2874 ep.
666 2832 702 2871 3,
733 2832 776 2864 48
806 2830 918 2865 deser.
951 2831 1188 2875 limanda).
1221 2850 1264 2856 —-
1299 2833 1330 2873 1)
1364 2830 1515 2864 Videtur
1537 2839 1716 2873 superesse
1748 2839 1795 2862 ea.-

90 2889 345 2923 acclamatione
373 2889 497 2932 aliqua
527 2887 683 2928 funebri.
708 2906 749 2912 —
776 2888 809 2927 2)
843 2886 1194 2921 Commentariensem
1231 2886 1344 2927 fuisse
1373 2887 1588 2920 Faustinum
1617 2886 1723 2918 etiam
1755 2887 1793 2917 in

89 2946 176 2978 urbe
198 2945 308 2979 Roma
333 2947 372 2979 in
396 2944 520 2986 officio
546 2944 727 2978 curatoris
751 2943 845 2976 alvei
872 2943 1008 2977 Tiberis
1030 2944 1172 2978 videtur
1195 2944 1362 2977 indicari.
