1968 3268
495 115 610 152 Tituli
631 117 792 152 virorum
814 119 854 152 ot
874 115 1067 152 mulierum
1089 115 1229 152 ordinis
1252 116 1438 153 senatorii.
1742 116 1823 155 199

224 228 311 276 807
357 232 402 271 A.
433 231 620 272 Terentio
649 232 694 271 Α.
725 232 753 271 s.
782 231 892 272 Varr.
919 237 926 283 Ι
952 232 1163 272 Μαι-εοεαε*
1189 230 1196 286 Ι
1222 231 1447 273 Ptolemaiei
1477 231 1693 285 Cyreneus.
1720 232 1728 285 Ι
1753 244 1824 285 pa-

111 305 254 351 trono,
292 296 368 342 διὰ
407 299 690 354 πρεσβευτῶν
720 293 1102 354 Ἰτθαλλάμμονος
1139 299 1219 341 τοῦ
1242 293 1464 352 'Ausi-M,
1505 302 1708 354 Σίμωνος
1744 300 1825 342 τοῦ

110 368 326 421 Σίμωνος.
703 394 708 401 ι

225 433 383 467 Lanuvii
405 445 490 476 rep„
515 445 611 467 nunc
634 433 765 468 Romae
788 436 827 467 in
855 445 976 467 museo
1001 434 1202 478 Capitolino
1227 433 1329 475 (XIV
1342 434 1459 477 2409).
1482 452 1528 458 -
1545 436 1579 476 1)
1602 435 1678 468 Aut
1700 434 1826 468 consul

112 500 147 523 a.
168 489 235 524 754
259 488 324 530 (ef.
350 490 386 523 C.
410 490 431 523 I
448 501 484 533 p.
501 492 566 524 450
589 491 638 524 ad
661 503 692 526 a.
715 492 792 533 754,
818 491 872 525 VI
889 491 1009 533 4524),
1032 494 1099 524 aut
1118 494 1224 535 pater
1247 494 1324 524 eius
1347 491 1436 531 (Cic.
1461 490 1511 524 ad
1531 489 1621 531 fam.
1643 491 1696 534 46,
1711 491 1825 533 42,6,·

113 545 209 580 Caes.
234 546 265 579 b.
290 556 319 579 c.
342 546 379 587 5,
394 546 465 588 49).

223 625 312 671 898
355 627 405 668 Μ.
437 628 597 668 Claudio
628 628 669 669 C.
700 630 726 668 f.
758 628 964 669 Marceno¹
991 627 998 682 Ι
1023 635 1206 681 patrono.

224 693 401 736 Pompeiis
423 696 463 727 in
486 694 569 734 foro
595 695 828 738 triangulari,
853 687 947 728 basis
968 697 1110 727 statuae
1134 693 1186 734 (X
1195 695 1296 736 852).
1321 715 1367 719 -
1391 697 1423 738 1)
1442 695 1594 729 Videtur
1616 706 1690 728 esse
1708 705 1824 738 gener

110 750 269 792 Augusti
291 750 482 790 defunctus
504 753 544 784 in
568 752 753 785 aedilitate
777 763 810 787 a.
833 762 869 785 u.
894 762 923 786 o.
946 751 1023 785 754.

222 838 309 885 899
351 841 394 881 Ρ.
425 841 520 881 Silio
546 840 552 891 Ι
578 842 626 881 Ρ.
652 842 679 881 f.
711 842 881 894 procos.¹
907 839 915 896 Ι
940 847 1095 894 patron.
1121 839 1129 894 Ι
1155 841 1192 880 d.
1224 841 1261 880 d.

222 908 391 941 Aenonae
413 910 453 940 in
476 908 660 941 Dalmatia
685 909 759 949 (ΙΙΙ
768 909 860 942 2975
883 906 930 948 es.
955 908 1047 951 Eph.
1073 918 1124 951 ep.
1148 909 1183 948 5,
1207 907 1273 942 594
1300 907 1564 951 descripserunt
1587 907 1764 952 Cyriacus
1787 910 1824 941 et

109 974 200 998 saec.
223 963 331 997 XVII
359 964 555 997 Gliubavaz
586 965 785 1007 Zurensis).
816 985 862 989 —
895 967 928 1007 1)
956 975 1006 1009 pr.
1037 973 1107 998 cos.
1130 975 1221 1008 pars
1252 964 1414 997 codicum
1438 964 1725 1007 Cyriaeanorum
1756 962 1822 1005 (of.

108 1020 182 1054 Mo.
207 1018 229 1053 l.
253 1022 312 1061 o.).
342 1038 390 1045 -—
422 1021 555 1054 Consul
582 1020 658 1061 fuit
681 1021 794 1055 Silius
816 1033 851 1055 a.
872 1022 956 1064 754,
985 1022 1182 1064 proconsul
1207 1021 1349 1065 lllyrici
1372 1031 1406 1054 a.
1428 1021 1497 1055 758
1520 1020 1568 1061 el:
1591 1021 1664 1054 Dio
1685 1022 1741 1061 54,
1763 1022 1821 1064 20,

108 1079 298 1120 antequam
328 1088 370 1110 ea
398 1079 588 1120 provincia
620 1089 643 1111 a
673 1082 800 1111 senatu
829 1078 878 1111 ad
901 1077 1086 1111 Gaesarem
1110 1076 1373 1118 transferretur
1396 1088 1430 1111 a.
1452 1077 1528 1112 745.
1574 1076 1747 1110 Eiusdem
1769 1078 1823 1109 est

108 1132 235 1166 titulus
257 1144 331 1176 rep.
357 1133 574 1176 Carthagine
596 1145 690 1168 nova
714 1135 754 1167 ΙΙ
764 1135 862 1169 5444.

219 1211 307 1259 900
349 1214 393 1254 L.
424 1215 637 1268 Calpurnio
664 1213 672 1269 Ι
697 1216 741 1255 L.
772 1217 798 1255 f.
830 1217 962 1256 Pisoni
988 1216 996 1269 Ι
1021 1217 1176 1268 pontifi,
1207 1228 1288 1255 cos.
1292 1216 1304 1237 ¹
1329 1213 1375 1269 Ι.

224 1281 365 1315 Veleiae
390 1292 484 1325 rep„
515 1293 612 1315 nune
634 1283 786 1316 Parmae
809 1283 876 1323 (XI
894 1283 1010 1324 4482).
1041 1302 1085 1307 -
1119 1284 1150 1324 1)
1176 1282 1307 1316 Consul
1329 1293 1362 1315 a.
1384 1246 1462 1317 759.
1511 1280 1565 1322 Cfi
1582 1281 1725 1315 Henzen
1748 1283 1819 1314 act.

106 1335 216 1377 fratr.
232 1339 319 1372 Aru.
343 1339 417 1372 ind.
438 1350 473 1381 p.
498 1340 573 1372 480.
1256 1365 1260 1368 -

221 1415 307 1462 901
354 1449 363 1457 .
396 1449 405 1458 .
435 1419 602 1459 Fonteio
633 1420 680 1467 Q.
712 1422 737 1459 s.
764 1419 772 1472 Ι
798 1421 849 1472 q.¹
877 1420 885 1474 Ι
910 1431 1094 1472 mancup.
1126 1419 1311 1471 stipend.¹
1338 1419 1345 1471 Ι
1372 1430 1419 1458 ex
1449 1419 1593 1458 Africa.

220 1486 335 1527 Prope
350 1485 497 1518 Romam
512 1497 586 1528 rep.
603 1487 651 1519 ad
666 1489 830 1530 quintum
847 1487 1046 1520 miliarium
1068 1488 1150 1519 viae
1165 1486 1327 1525 Latinae,
1349 1485 1413 1518 sed
1427 1486 1503 1518 loco
1528 1495 1601 1518 non
1623 1495 1689 1518 suo
1706 1483 1818 1524 (Lan-

108 1543 207 1575 eiani
222 1542 307 1575 buu.
323 1543 421 1575 arch.
439 1552 527 1575 com.
542 1543 631 1575 4882
645 1553 682 1585 p.
698 1543 760 1576 460
776 1554 811 1577 n.
827 1545 922 1585 559).
937 1562 984 1568 -
1003 1545 1034 1585 1)
1054 1542 1213 1576 Titulum
1233 1544 1413 1585 quaestori
1423 1545 1624 1584 posuerunt
1637 1542 1819 1583 mancipes

106 1598 366 1642 stipendiorum
383 1600 596 1641 provinciae
619 1597 780 1638 Africae.

220 1687 307 1733 002
349 1689 413 1729 Μ’.
445 1690 560 1730 Cordi
579 1690 643 1730 Μ’.
675 1691 699 1729 f.
727 1688 733 1738 Ι
760 1690 869 1729 Rufi¹
896 1689 903 1743 Ι
929 1703 990 1742 pr.
1021 1703 1095 1743 pro
1125 1690 1230 1738 cos.²‚
1257 1690 1263 1744 Ι
1291 1690 1375 1729 aed.
1407 1689 1533 1735 lustr„
1562 1701 1671 1729 mon.
1702 1689 1818 1729 saer.³

224 1754 369 1788 Tusculi
392 1755 499 1796 (XIV
515 1757 634 1798 2605).
666 1776 706 1780 -
744 1758 775 1798 1)
799 1757 857 1790 Μ’.
882 1757 1032 1790 Gordius
1055 1756 1175 1797 Rufus
1197 1758 1231 1789 is
1254 1758 1318 1799 qui
1340 1755 1415 1796 fuit
1438 1757 1606 1788 triumvir
1627 1754 1817 1788 monetalis

107 1823 141 1846 a.
163 1812 227 1845 705
251 1812 307 1844 vel
323 1812 450 1855 paullo
469 1816 552 1855 post
584 1814 729 1846 testibus
758 1816 911 1846 nummis
944 1813 1008 1856 (cll
1032 1814 1225 1857 Mommsen
1256 1811 1296 1846 R.
1319 1811 1547 1845 Mu'nzwesen
1572 1822 1609 1855 p.
1632 1811 1708 1846 654.
1730 1812 1815 1853 657,·

109 1867 289 1902 Cavedoni
311 1870 351 1901 in
373 1868 564 1910 Borghesii
588 1879 667 1912 opp.
693 1871 714 1901 Ι
729 1880 765 1912 p.
788 1870 856 1903 269
878 1872 952 1903 not.
976 1872 1034 1910 5),
1059 1871 1102 1903 ab
1127 1870 1194 1902 hoc
1215 1879 1289 1902 non
1310 1869 1456 1902 videtur
1478 1869 1641 1902 diversus
1663 1879 1748 1902 esse.
1773 1887 1814 1893 -

108 1926 142 1968 2)
160 1923 215 1965 Cf.
232 1924 278 1960 Ν.
290 1926 360 1959 885
375 1928 447 1959 not.
460 1927 495 1959 2.
511 1944 557 1951 ·-
573 1927 607 1968 3)
623 1925 778 1968 Tusculi,
794 1927 888 1959 unde
904 1929 984 1960 erat
998 1926 1173 1960 oriundus
1185 1924 1250 1966 (cf.
1266 1926 1440 1968 Borghesi
1455 1926 1477 1959 1.
1494 1936 1522 1959 c.
1534 1936 1573 1968 p.
1590 1926 1684 1967 270),
1700 1923 1818 1965 Rufus

106 1981 183 2022 fuit
203 1981 331 2014 aedilis
354 1982 513 2025 lustralis
536 1985 571 2015 et
593 1985 749 2016 monitor
771 1993 958 2016 sacrorum
982 1982 1047 2024 (cll
1063 1983 1256 2016 Mommsen
1277 1993 1366 2015 mus.
1382 1981 1540 2016 [rhenan.
1563 1983 1647 2016 4864
1666 1993 1704 2026 p.
1719 1983 1814 2025 458).

221 2069 307 2117 903
351 2072 421 2113 Cn.
452 2073 596 2114 Baebio
617 2074 688 2114 Cn.
720 2070 784 2130 [fi]
810 2072 817 2129 Ι
844 2074 1023 2127 Tampilo
1044 2075 1158 2115 Valae
1185 2074 1192 2126 Ι
1217 2074 1492 2115 Numoniano¹
1517 2072 1543 2128 Ι,
1574 2087 1627 2126 q.‚
1657 2087 1718 2127 pr.
1739 2088 1812 2128 pro

106 2153 203 2188 cos„
231 2139 238 2191 Ι
263 2140 387 2180 lllvir.
419 2153 452 2180 a.
483 2153 516 2180 a.
546 2154 580 2182 a.
610 2144 637 2181 f.
667 2143 708 2189 f.‚
735 2141 742 2194 Ι
767 2143 864 2182 viro.

219 2207 335 2249 Prope
356 2205 503 2240 Romam
531 2218 604 2250 rep.
634 2211 727 2241 inter
756 2211 852 2242 viam
876 2209 1031 2252 Appiam
1055 2211 1089 2241 et
1113 2209 1299 2251 Latinam,
1330 2212 1432 2242 extat
1462 2208 1512 2241 ad
1540 2218 1634 2240 mam
1657 2209 1812 2251 Appiam

106 2263 177 2305 (VI
188 2263 303 2304 4560).
319 2281 366 2287 -
391 2265 423 2304 1)
439 2263 512 2296 Via:
536 2266 587 2296 est
607 2264 712 2307 idem,
735 2268 777 2298 ut
799 2266 915 2299 voluit
930 2265 1139 2307 Wilmanns,
1163 2268 1269 2308 atque
1286 2265 1320 2299 C.
1336 2264 1540 2298 Numenius
1556 2264 1684 2305 Vaala,
1709 2266 1812 2298 ouius

104 2330 233 2354 nomen
256 2319 391 2362 legitur
415 2322 453 2352 in
477 2321 629 2352 nummis
653 2323 773 2354 aureis
796 2324 923 2354 aetatis
948 2321 1196 2362 Caesarianae,
1224 2332 1308 2355 nam
1332 2322 1391 2354 hic
1415 2321 1556 2354 videtur
1577 2319 1688 2360 fuisse
1712 2323 1815 2364 quat·

107 2378 260 2418 tum-vir,
283 2386 355 2408 non
381 2378 550 2411 triumvir
573 2387 655 2409 aere
678 2381 828 2419 argento
852 2388 943 2411 auro
967 2378 1089 2418 flando
1112 2376 1303 2419 fertundo3
1328 2380 1449 2420 potest
1469 2376 1581 2417 fuisse
1603 2379 1680 2410 eius
1700 2377 1811 2419 filius.

219 2466 305 2512 904
346 2468 387 2508 C.
423 2468 556 2508 Clodio
588 2468 629 2508 C.
661 2470 686 2508 f.
709 2468 869 2509 Vestali¹
897 2468 903 2522 Ι
930 2482 1100 2521 procos„
1128 2468 1134 2523 Ι
1161 2469 1412 2511 Claudienses
1446 2482 1494 2511 ex
1523 2471 1771 2523 praefectura
1805 2470 1811 2525 Ι

105 2535 263 2576 Claudia
294 2536 445 2584 urbani,
473 2535 480 2590 Ι
506 2542 687 2588 patrono.

220 2602 262 2635 In
293 2602 381 2635 colle
413 2601 448 2635 S.
473 2602 636 2635 Liber-ati
662 2613 774 2645 prope
804 2602 1022 2645 Braeciano,
1053 2604 1117 2635 ubi
1146 2602 1220 2642 suit
1241 2604 1378 2637 Forum
1403 2604 1537 2646 Clodii,
1570 2614 1643 2647 rep.
1668 2615 1700 2637 a.
1725 2604 1811 2638 4886

108 2657 275 2699 (Χ15540
286 2662 335 2698 α).
347 2677 393 2684 -—-
409 2660 439 2699 1)
458 2659 624 2692 Eiusdem
640 2660 717 2691 sine
734 2658 841 2692 dubio
856 2662 939 2691 sunt
952 2661 1090 2692 nummi
1105 2661 1273 2703 inscripti
1289 2660 1323 2694 C.
1338 2659 1477 2695 Clodius
1493 2661 1528 2695 C.
1546 2660 1569 2693 ῐ.
1586 2663 1621 2692 et
1635 2671 1682 2693 ea:
1697 2661 1812 2693 altera

100 2717 208 2757 parte
234 2714 381 2749 Vestalis
411 2716 524 2758 (quod
553 2716 763 2748 vocab-utum
793 2715 1081 2758 coniungendam
1111 2727 1183 2749 esse
1213 2726 1293 2750 oum
1324 2716 1360 2751 C.
1393 2716 1510 2751 Clodii
1542 2719 1686 2750 nomine
1716 2726 1812 2749 nunc

63 2782 72 2785 ‘⁷
106 2770 244 2803 demum
268 2772 487 2804 intellectum
512 2775 589 2813 est).
638 2772 710 2804 Eos
733 2781 891 2805 nummos
913 2782 986 2805 non
1002 2783 1097 2806 anno
1113 2773 1186 2814 744,
1208 2776 1249 2806 ut
1264 2773 1373 2816 vulgo
1385 2774 1596 2816 putabatur,
1619 2772 1681 2805 sed
1692 2773 1814 2815 potius

105 2828 202 2860 inter
226 2838 339 2861 annos
362 2827 424 2861 747
448 2831 483 2861 et
504 2829 572 2862 758
596 2839 696 2860 cusos
726 2827 843 2860 videri
871 2830 1037 2871 exposuit
1058 2828 1248 2862 Mommsen
1272 2829 1444 2862 zeitschr.
1469 2828 1497 2869 s.
1520 2828 1626 2863 Num.
1651 2827 1707 2870 45,
1730 2827 1815 2860 4887

102 2892 141 2925 p.
156 2883 233 2917 204.
280 2884 376 2916 Idem
401 2886 554 2916 coniecit
571 2884 745 2917 Vestalem
761 2894 832 2917 non
857 2885 1073 2918 conditorem
1096 2883 1210 2924 fuisse
1225 2886 1317 2918 Fon·
1337 2885 1454 2918 Clodii
1475 2887 1548 2917 sive
1562 2882 1815 2927 praefecturae

109 2937 279 2972 Claudiae
303 2939 368 2980 (cll
393 2940 482 2974 Plin.
508 2942 541 2974 Ιι.
566 2952 602 2974 n.
626 2942 662 2982 5,
684 2941 768 2982 52),
800 2950 883 2974 nam
907 2952 948 2974 ea
971 2944 1087 2975 aetate
1110 2953 1179 2984 qua
1206 2943 1263 2974 hic
1287 2943 1381 2974 viz-it
1403 2952 1500 2974 nova
1519 2941 1718 2982 municipia
1740 2949 1814 2973 non

107 2995 381 3036 appellabantur
399 2995 664 3038 praefecturae,
687 2996 749 3029 sed
771 3007 817 3029 ea:
837 2999 990 3039 posteris
1014 2998 1219 3031 conditoris.
