1968 3268
88 102 168 144 182
382 116 385 119 ·
851 106 971 151 Caput
993 106 1040 142 H.

83 239 129 245 —
153 220 188 260 3)
209 219 385 252 Dominus
408 223 529 252 noster
555 219 770 252 Theodosius
791 222 827 252 et
849 219 993 252 domina
1018 222 1143 252 nostra
1164 219 1328 252 Eudocia
1349 221 1427 252 sine
1450 220 1558 253 dubio
1581 223 1668 254 sunt
1685 223 1794 265 impe·

84 279 189 310 rator
213 275 369 309 Orientis
387 274 602 310 Theodosius
625 276 749 308 iunior
771 279 808 308 et
831 277 992 308 coniunge
1015 276 1093 307 eius
1115 275 1303 317 Eudocia3
1326 276 1359 311 d.
1383 287 1418 309 n.
1442 275 1623 310 Arcadius
1644 279 1682 309 et
1700 276 1735 310 d.
1757 288 1795 312 n.

84 333 255 367 Eudo-via
273 334 335 365 via:
349 335 433 365 sunt
447 334 478 364 ii
494 334 557 375 qui
572 335 678 365 antea
696 332 1004 375 Constantinopoli
1018 335 1276 374 regnaverunt,
1297 334 1328 365 ii
1342 335 1435 365 enim
1449 342 1560 376 supra
1575 333 1673 365 inter
1685 333 1795 375 inpe-

85 391 225 422 ratores
249 387 435 428 defunctos
458 390 664 421 enumerari
687 389 900 430 debuerunt,
933 391 969 420 et
990 391 1223 421 enumeratur
1246 389 1299 421 ibi
1321 389 1518 431 Arcadius,
1544 388 1609 422 sed
1627 388 1796 422 videntur

85 457 157 479 esse
182 444 371 478 Theodosii
393 446 548 477 iunioris
572 445 687 487 liberi,
711 456 757 478 ex
772 446 901 488 quibus
915 444 1097 478 Arcadius
1119 446 1196 477 sine
1220 445 1329 478 dubio
1351 444 1475 485 infans
1497 444 1687 486 defunctus
1707 456 1795 479 raro

85 505 315 544 memoratur,
337 501 399 533 sed
419 504 536 533 tamen
551 505 771 534 memoratur
794 503 835 534 in
859 502 1018 534 carmine
1041 502 1081 533 in
1105 501 1287 534 codicibus
1301 502 1485 535 nonnullis
1501 503 1700 545 praemisso
1718 511 1796 535 cen-

85 561 163 592 toni
177 559 313 591 Probae
330 557 510 600 (Schenkl,
532 561 658 600 poetae
674 558 866 590 christiani
881 560 1037 590 minores
1056 558 1078 590 I
1091 568 1131 600 p.
1146 559 1214 591 568
1237 557 1284 598 cfi
1306 569 1343 602 p.
1357 559 1424 593 515
1430 571 1444 600 ,·
1467 557 1517 598 cf.
1531 559 1641 592 etiam
1660 557 1797 599 Teuffel

83 615 173 648 Lit.⁵
184 616 207 656 §
219 616 300 656 422,
310 615 336 648 5
345 627 358 655 ,·
374 624 457 646 nam
474 614 571 656 quod
586 614 738 647 credunt
755 614 819 647 illo
834 616 994 647 carmine
1007 614 1184 657 appellari
1196 625 1269 647 non
1286 614 1519 660 Theodosium
1532 617 1795 661 imperatoremj

82 671 145 704 sed
164 674 303 714 patrem
327 672 403 703 eius
418 670 627 711 Arcadium,
652 674 687 704 et
707 672 850 703 nomine
866 670 1019 703 Arcadii
1038 673 1190 704 minoris
1205 671 1412 713 significari
1425 673 1543 715 ipsum
1561 670 1796 706 Theodosium

84 727 242 760 nondum
265 729 408 770 natum,
440 728 481 760 id
508 728 618 770 plane
641 727 850 760 incredibile
873 727 962 770 eet),
992 727 1164 760 Eudoxi-ia
1189 727 1310 760 eadem
1333 730 1384 760 est
1406 738 1497 771 quae
1518 729 1645 771 nupsit
1666 727 1798 762 Valen-

85 785 223 816 tiniano
249 784 307 816 III
326 795 358 818 a.
382 785 458 818 457.

196 874 281 920 819
408 876 653 915 Theodosius
681 882 792 928 pater
822 875 995 915 Eudocia
1026 887 1116 914 cum
1148 875 1318 927 coniuge
1346 881 1479 914 votum

408 955 579 995 cumque
609 956 682 984 suo
711 943 879 996 supplex
909 942 1086 982 Eudoxia
1116 943 1301 982 nomine¹
1332 943 1459 983 solvit.

198 1010 331 1044 Romae
353 1012 392 1042 in
416 1010 582 1043 ecclesiae
606 1009 642 1043 S.
658 1010 757 1052 Petri
781 1011 818 1041 in
842 1009 1014 1042 vinculis:
1036 1010 1194 1042 servavit
1215 1009 1328 1042 code-z
1345 1009 1658 1043 Laureshamensis
1682 1011 1796 1049 (nunc

86 1067 482 1109 Vaticano-Palatinus)
506 1076 597 1101 saec.
614 1066 663 1099 IX
688 1066 747 1109 (de
770 1065 871 1099 Rossi
901 1067 1009 1099 inser.
1040 1067 1114 1106 chr.
1137 1066 1173 1106 2,
1189 1065 1207 1098 4
1230 1076 1266 1108 p.
1283 1066 1443 1108 uo‚66).
1466 1084 1510 1091 —
1533 1066 1796 1109 Intelleguntur

88 1123 304 1157 Theodosius
319 1125 443 1156 iunior
458 1126 494 1155 et
504 1123 666 1156 Eudoeia
683 1124 818 1155 coniux
833 1124 910 1155 eius
923 1121 987 1165 (cll
999 1133 1110 1165 supra
1128 1121 1301 1165 lv.848,s)
1316 1132 1507 1165 eorumque
1522 1122 1601 1164 filia
1613 1123 1794 1156 Eudousia.

84 1180 273 1222 Inscriptio
297 1178 398 1219 facta
421 1182 498 1212 sine
521 1180 627 1213 dubio
651 1181 751 1212 iussu
775 1179 966 1212 Eudooeiae
988 1198 1033 1203 —
1057 1188 1142 1211 nam
1169 1177 1383 1211 Theodosius
1405 1182 1441 1211 et
1462 1179 1625 1212 Eudocia
1647 1178 1795 1213 Romam

85 1246 158 1269 non
182 1236 347 1269 viderunt
374 1255 419 1261 ——-
444 1239 527 1279 post
556 1237 700 1279 nuptias
731 1234 848 1275 factas
879 1245 959 1268 cum
983 1234 1238 1268 Valentiniano
1262 1234 1319 1267 III
1347 1234 1398 1278 (a.
1421 1235 1515 1279 457),
1538 1233 1692 1275 fortasse
1722 1246 1795 1269 non

83 1293 235 1326 multum
256 1296 338 1336 post
359 1295 518 1336 nuptias,
551 1303 630 1325 cum
655 1303 749 1325 anno
772 1293 838 1326 459
865 1291 922 1325 vel
942 1293 1004 1325 440
1028 1290 1158 1324 Romae
1185 1293 1388 1324 moraretur
1412 1288 1478 1334 (cf.
1501 1291 1729 1325 Momacrato
1753 1292 1796 1325 de

85 1351 220 1382 catenis
243 1349 279 1384 S.
305 1351 403 1383 Petri
423 1360 458 1392 p.
483 1349 592 1393 XXI).
643 1350 772 1383 Votum
802 1350 1036 1382 memoratum
1063 1357 1095 1380 v.
1120 1347 1139 1380 4
1169 1357 1256 1379 num
1284 1348 1335 1379 sit
1355 1350 1476 1380 volum
1498 1348 1682 1382 Eudoeiae
1711 1359 1796 1381 nar-

85 1408 205 1438 ratum
229 1417 250 1439 a
276 1405 422 1439 Socrate
446 1407 528 1439 hist.
552 1405 634 1440 ecel.
657 1406 690 1447 7,
712 1406 753 1438 47
778 1404 836 1448 (ut
857 1405 973 1438 voluit
996 1403 1273 1447 Momm-ratus),
1296 1414 1370 1437 non
1394 1403 1564 1439 diiudieo.
1587 1423 1632 1430 —
1657 1405 1690 1447 1)
1712 1403 1795 1439 Non

85 1461 276 1504 intellego‚·
298 1461 452 1502 fortasse
473 1473 542 1496 scr.
567 1462 723 1505 coniuge,
748 1465 789 1494 ut
812 1461 1043 1504 intellegatur
1067 1460 1343 1494 Valentinianus
1366 1460 1429 1494 111.

393 1654 542 1704 Tituli
578 1655 916 1718 imperatorum
953 1651 1487 1716 Constantinopolitani.

196 1753 285 1800 820
334 1756 533 1796 Fortunae
559 1754 565 1810 Ι
593 1756 727 1796 reduci
757 1756 807 1796 ob
835 1755 841 1810 1
867 1755 1039 1795 devictos
1070 1753 1247 1794 Gothos.¹

200 1821 509 1866 Constantinopoli
531 1825 569 1855 in
590 1824 668 1855 basi
684 1822 869 1855 columnae
885 1821 959 1864 (III
970 1822 1040 1855 755
1063 1821 1174 1854 deser.
1191 1819 1448 1863 Mordtmann).
1465 1837 1509 1844 —
1527 1820 1559 1862 1)
1582 1818 1795 1862 Significari

85 1879 275 1911 victoriam
301 1878 526 1912 Constantini
557 1879 599 1911 de
625 1878 748 1912 Gothis
779 1881 814 1910 et
836 1878 990 1911 reditum
1013 1877 1243 1920 imperatoris
1265 1877 1306 1908 in
1329 1877 1452 1908 urbem
1476 1886 1509 1909 a.
1532 1875 1605 1910 552
1629 1877 1796 1919 exposuit

87 1934 279 1968 Mommsen
305 1935 326 1969 l.
352 1946 381 1969 c.

197 2025 280 2071 821
752 2019 755 2021 ’
922 2029 959 2066 1.

359 2095 527 2135 difficilis
559 2094 772 2146 quondam,
803 2093 973 2133 dominis
1001 2104 1142 2146 parere
1172 2092 1326 2132 serenis

358 2163 487 2203 iussus
518 2170 556 2203 et
586 2162 768 2202 extinctis
798 2162 966 2213 palmam
997 2166 1157 2212 portare
1186 2159 1387 2213 tyrannis²
1418 2183 1474 2189 -

358 2231 489 2270 omnia
518 2230 742 2270 Theodosio
771 2229 919 2269 cedunt
947 2228 1154 2280 subolique
1186 2227 1354 2280 perenni
1386 2249 1435 2255 —

358 2304 419 2338 ter
449 2298 561 2338 denis
591 2298 648 2338 sie
677 2297 801 2337 victus
831 2308 904 2349 ego
936 2295 1185 2348 domitusque
1215 2294 1355 2334 diebus

356 2366 485 2406 iudice
514 2365 588 2407 sub
618 2363 830 2420 <Proelo>2
859 2375 1024 2416 superas
1053 2363 1177 2403 elatus
1206 2363 1254 2402 ad
1282 2374 1408 2402 auras.

919 2445 959 2483 2.

359 2515 484 2553 κίονα
512 2510 851 2566 τετράπλευρον,
885 2504 955 2552 ἀεὶ
981 2509 1116 2562 χθονὶ
1145 2511 1343 2562 κείμενον
1374 2502 1526 2560 ἄχθος,

414 2579 576 2631 μοῦνος
607 2573 855 2634 ἀναστῆσαι
888 2575 1130 2626 Θευὸόσιος
1158 2573 1366 2630 βασιλεύς

356 2644 580 2703 τολμήσας
609 2643 883 2700 (Πρόκλος)2
913 2643 1189 2686 ἓπεκέκλετο·
1219 2642 1292 2684 καὶ
1321 2639 1453 2691 τόσος
1484 2639 1586 2696 ἔστη

413 2716 520 2756 κίων
550 2708 719 2769 ἠελίοις
750 2711 794 2754 ἐν
824 2711 1062 2767 τριάκοντα
1095 2710 1198 2754 δύω.

199 2780 527 2824 Constantinopoli,
556 2782 597 2812 in
628 2781 704 2812 basi
736 2779 879 2811 obelisci
910 2782 973 2821 qui
997 2782 1099 2812 eoetat
1119 2781 1168 2827 *in
1191 2777 1424 2821 hippodromo
1453 2775 1578 2808 Turcis
1610 2774 1705 2807 dicto
1728 2773 1792 2806 At-

85 2836 227 2869 meidan
252 2836 324 2880 (111
344 2837 410 2872 757
435 2837 544 2870 deser.
569 2834 827 2878 Mordtmann).
874 2835 1024 2868 Erectus
1046 2839 1099 2868 est
1123 2835 1293 2868 obeliscus
1315 2834 1354 2865 in
1378 2834 1473 2865 circo
1498 2831 1792 2873 Constantinopo-

87 2893 198 2926 litano
223 2905 254 2926 a.
279 2895 365 2936 590,
396 2896 481 2926 teste
505 2891 714 2926 Marcellino
747 2893 869 2925 chron.
902 2911 947 2916 -—
977 2893 1008 2934 1)
1031 2892 1292 2933 Intelleguntur
1315 2888 1495 2922 Maximus
1518 2890 1553 2920 et
1575 2887 1701 2920 Victor
1725 2884 1790 2929 (cll

86 2959 196 2991 supra
221 2948 263 2983 N.
286 2950 474 2994 787-789)
497 2948 621 2993 paullo
646 2951 729 2981 ante
752 2959 784 2982 a.
808 2949 874 2981 590
898 2950 995 2981 victi.
1028 2967 1072 2973 —
1102 2950 1136 2988 2)
1159 2947 1296 2980 Nomen
1319 2944 1437 2977 Procli
1468 2945 1507 2976 in
1537 2946 1689 2986 utroque
1713 2952 1791 2975 car-

84 3006 177 3037 mine
200 3016 341 3039 erasum
364 3010 417 3038 est
438 3009 473 3038 et
490 3008 616 3048 postea
639 3005 855 3037 restitutum.
895 3003 991 3036 Illud
1010 3002 1148 3042 factum
1170 3006 1221 3036 est
1236 3012 1330 3035 anno
1345 3001 1415 3036 592
1433 3011 1500 3043 quo
1518 3011 1612 3033 anno
1628 2999 1790 3040 Proclus,
