1968 3268
185 170 268 209 454
938 170 1056 215 caput
1078 169 1143 206 IX.

183 283 382 318 Varianam
411 282 477 326 (ch
505 282 586 317 Tac.
618 293 702 316 ann.
733 282 772 325 4,
794 283 856 323 42)
887 283 927 314 in
954 281 1145 315 Germania
1173 281 1348 322 inferiore
1380 284 1529 318 tetendit
1556 285 1640 318 inde
1669 287 1714 319 ab
1745 295 1890 320 austu

182 341 339 383 Augusti
364 338 465 383 (Tac.
490 349 573 373 ann.
597 339 629 380 4,
651 339 695 373 34
712 349 782 381 seq.
790 351 804 379 ,-
827 337 897 372 Mo.
922 339 971 371 ad
991 349 1084 372 mon.
1109 338 1262 383 Ancyr.²
1279 350 1319 382 p.
1342 341 1386 374 68
1407 342 1481 375 not.
1505 340 1542 383 4)
1569 351 1680 384 usque
1709 342 1759 376 ad
1779 353 1814 378 a.
1836 342 1890 384 70,

181 399 304 439 postea
328 406 401 429 non
424 398 652 428 memoratur.
700 395 867 428 Aliorum
891 405 1030 438 quoque
1062 395 1299 438 complurium
1323 396 1479 430 eiusdem
1501 397 1657 440 legionis
1677 397 1833 432 militum
1856 402 1891 432 et

181 455 432 486 veteranorum
456 452 638 495 epitaphia
661 454 803 495 reperta
819 454 905 484 sunt
917 451 1077 494 Bonnae,
1099 462 1212 485 unum
1229 452 1398 486 Coloniae
1413 453 1639 496 Agrippinae
1662 453 1766 497 (ann.
1780 453 1891 489 Rhen-

181 509 278 551 4886,
302 507 401 548 infra
418 499 462 541 N.
478 508 601 552 2324).
644 507 778 540 Eadem
800 510 840 541 in
865 508 970 541 titulo
994 505 1098 547 infra
1121 507 1167 542 Ν.
1182 509 1276 543 2342
1300 509 1442 543 videtur
1465 509 1643 554 appellari
1667 509 1890 546 Germanica.

294 597 408 644 2246
453 599 774 650 C.La1·gennius
800 597 806 653 Ι
835 599 891 638 C.¹
922 598 1015 638 Fab.
1038 599 1164 648 Luc.²‚
1194 600 1274 639 mil.
1301 597 1308 653 1
1335 600 1410 652 leg.
1441 599 1499 639 11⁸
1527 606 1552 638 7
1585 599 1767 650 Scaevae,
1793 600 1801 650 Ι
1825 612 1890 641 an.

183 667 358 707 XXXVII
386 668 476 719 stip.
506 666 673 721 1XV111,
704 668 741 706 h.
773 680 804 706 s.
836 679 870 706 e.

293 734 407 776 Prope
426 733 641 776 Strassburg
657 734 706 767 ad
720 735 837 766 vicum
853 732 1095 775 Ko'nigshofen
1119 744 1193 776 rep.
1212 733 1362 776 (Straub
1386 715 1579 778 antiquitis
1596 734 1891 768 Gallo-romaines

182 790 224 823 de
248 789 504 833 Ko’nigshos'en,
529 789 577 830 σΓ.
601 801 685 824 ann.
710 790 819 823 Rhen.
835 791 887 830 66,
905 790 989 823 4879
1011 801 1046 833 p.
1061 790 1136 834 72).
1154 809 1196 814 ——
1223 792 1256 833 1)
1279 789 1417 825 Notas.
1441 792 1619 833 omissam,
1641 794 1684 824 ut
1705 801 1780 824 non
1801 801 1890 824 raro

181 849 218 879 in
242 847 537 889 inscriptionibus
555 847 708 880 militum
723 847 1008 890 provincialibus
1019 850 1210 889 praeterea
1227 850 1395 880 accurate
1416 849 1562 891 scriptis
1584 845 1704 889 (infra
1718 846 1764 882 N.
1779 847 1871 882 2279
1877 860 1891 889 ,·

182 903 282 936 tituli
303 903 522 936 Carnuntini
546 904 642 937 arch.
669 914 722 946 ep.
739 903 857 936 Mitth.
872 904 892 935 4
914 913 950 946 p.
967 903 1045 943 428,
1060 905 1083 936 5
1104 914 1140 947 p.
1156 904 1238 944 203,
1263 904 1553 938 Poetovionemes
1574 905 1622 938 ib.
1637 903 1679 938 40
1697 914 1737 948 p.
1751 904 1833 948 236,
1847 905 1891 938 45

179 971 214 1003 p.
239 959 298 1002 47,
331 960 566 993 Britannicus
599 959 633 994 C.
660 959 730 993 VII
751 959 844 1003 794).
868 978 911 982 —
942 960 976 1001 2)
1014 958 1124 992 Tribu
1146 960 1281 1000 Fabia,
1312 960 1415 994 domo
1447 960 1558 995 Luca.
1585 980 1630 986 —
1660 963 1695 1004 3)
1723 962 1892 996 Eiusdem

181 1016 332 1058 legionis
359 1016 516 1049 militum
546 1016 666 1049 eodem
700 1016 776 1049 loco
808 1018 880 1048 tres
909 1015 975 1047 alii
1003 1016 1101 1048 tituli
1129 1016 1345 1059 sepulcrales
1363 1017 1582 1059 prodierunt
1610 1017 1677 1059 (cf.
1699 1016 1892 1052 Mommsen

183 1072 520 1115 Kory-espondenzbl.
546 1073 609 1105 der
631 1073 756 1106 westd.
779 1072 954 1106 Zeitschr.
978 1073 1003 1105 3
1022 1083 1060 1115 p.
1084 1072 1179 1115 434),
1202 1073 1295 1106 unde
1319 1073 1444 1115 colligi
1461 1077 1592 1116 potest,
1618 1074 1794 1117 legionem
1816 1085 1891 1109 non

176 1129 307 1171 procul
321 1130 363 1161 ab
379 1140 418 1161 eo
433 1129 509 1161 loco
522 1139 590 1171 per
606 1129 755 1171 aliquod
767 1131 903 1170 tempus
915 1130 1047 1161 stativa
1064 1129 1237 1169 habuisse,
1251 1139 1345 1161 unus
1358 1130 1498 1172 prodiit
1509 1130 1734 1172 Moguntiaci
1749 1130 1891 1172 (Bram-

181 1185 270 1217 baeh
285 1184 376 1228 946).
417 1184 459 1217 In
484 1186 646 1218 omnibus
670 1186 726 1218 his
750 1185 867 1218 titulis
892 1185 984 1226 legio
1009 1185 1213 1228 appellatur
1227 1185 1393 1228 secunda,
1416 1187 1494 1219 sine
1510 1189 1728 1229 cognomine.
1769 1187 1891 1230 Signi-

178 1240 313 1281 ficatur
344 1244 461 1273 autem
486 1241 579 1283 legio
608 1241 763 1274 secunda
797 1242 1008 1283 cognomine
1030 1241 1207 1282 Augusta,
1240 1242 1280 1273 in
1312 1240 1504 1275 Germania
1530 1244 1717 1286 superiore
1745 1243 1892 1277 tendens

181 1307 214 1330 a.
233 1307 270 1339 p.
297 1296 376 1330 Chr.
401 1297 442 1329 44
468 1295 569 1339 (Tac.
595 1309 627 1330 a.
654 1297 685 1339 4,
709 1297 787 1339 37),
817 1308 838 1329 a
866 1296 1014 1330 Claudio
1039 1298 1077 1328 in
1101 1296 1331 1330 Britanniam
1355 1298 1532 1332 translata
1557 1298 1660 1339 (Tac.
1684 1300 1766 1333 hist.
1789 1301 1825 1340 3,
1849 1301 1891 1333 44

181 1352 228 1392 cf:
253 1352 350 1386 Suet.
378 1353 478 1396 Vesp.
502 1354 522 1386 4
531 1365 544 1394 ,·
572 1353 652 1386 Tac.
679 1364 712 1387 a.
737 1353 790 1395 44,
812 1354 867 1393 37,
893 1354 973 1386 hist.
995 1354 1032 1395 3,
1056 1353 1103 1385 22
1121 1353 1215 1396 cet).
1268 1353 1508 1395 Argentorati
1527 1358 1650 1398 postea
1673 1357 1773 1388 stetit
1795 1356 1888 1398 legio

183 1412 309 1442 octava
333 1410 510 1451 Augusta.

294 1488 408 1535 2247
453 1490 493 1530 C.
515 1490 635 1540 Niger
665 1490 706 1529 C.
738 1491 762 1529 f.
786 1490 867 1530 Pol.
898 1490 1019 1530 miss.¹
1046 1487 1052 1543 Ι
1079 1490 1245 1540 Amasia‚
1276 1496 1315 1531 et
1340 1491 1390 1531 M.
1417 1490 1424 1546 Ι
1450 1491 1656 1544 Longinus
1674 1493 1726 1533 Μ.
1757 1493 1783 1533 f.
1804 1493 1888 1534 Pol.

183 1558 358 1611 Gangr.²‚
385 1557 391 1611 Ι
418 1558 497 1597 mil.
529 1558 604 1609 leg.
635 1558 714 1597 111³
743 1565 768 1596 Υ
802 1557 906 1597 Laeli
937 1557 1072 1597 Tiron.

294 1623 464 1667 Nicopoli
481 1635 596 1667 prope
620 1624 888 1657 Aleoeandrcam
912 1624 1072 1667 Aegypti
1093 1635 1168 1667 rep.
1201 1624 1276 1667 (III
1295 1625 1332 1659 S.
1354 1625 1439 1659 6607
1460 1625 1652 1660 Mommsen
1675 1626 1770 1660 vidit
1795 1629 1891 1672 ecty—

176 1684 295 1724 pmn).
319 1700 361 1705 —-
389 1683 420 1723 1)
444 1680 631 1714 Missicius.
658 1699 703 1705 --
729 1682 762 1723 2)
789 1680 944 1723 Gangris
967 1680 1134 1723 (Gangra
1159 1681 1327 1724 oppidum
1350 1682 1645 1727 Paphlagoniae).
1660 1701 1704 1708 -
1727 1683 1763 1726 3)
1778 1682 1891 1726 Legio

181 1740 287 1771 tertia
314 1737 531 1781 Cyrenaica,
555 1747 645 1780 quae
667 1747 741 1770 una
767 1747 846 1769 cum
870 1737 1144 1770 duoetvicesima
1169 1738 1408 1771 Deiotariana
1430 1740 1547 1781 primo
1573 1749 1612 1781 p.
1644 1739 1725 1773 Chr.
1741 1738 1889 1774 ‘saeculo

180 1794 427 1828 Alexandriae
451 1797 569 1826 castra
595 1795 721 1826 habuit
745 1793 848 1835 (Tac.
873 1794 905 1826 h.
929 1795 963 1833 ὅ,
987 1794 1031 1834 4,·
1054 1791 1101 1833 cf.
1126 1792 1228 1833 infra
1252 1792 1297 1827 N.
1320 1795 1444 1836 2282).

292 1873 408 1920 2248
451 1875 494 1914 L.
527 1871 741 1928 Cattoniuls
771 1875 814 1914 L.
847 1875 872 1913 f.
905 1872 1122 1929 Secundlus
1153 1874 1285 1914 Claud.
1324 1874 1431 1915 Viru.
1459 1874 1543 1930 lm.
1579 1876 1655 1928 leg.
1685 1875 1794 1925 11111,
1823 1889 1888 1917 an.

188 1944 322 1991 XXIV,
349 1942 355 1995 Ι
382 1943 444 1983 sti.
474 1942 559 1990 1111,
592 1942 631 1981 h.
662 1954 692 1981 s.
725 1954 758 1980 e.
809 1941 995 1995 Hereldes
1026 1943 1127 1982 Cotti
1157 1944 1182 1982 f.
1214 1956 1248 1982 c.

294 2009 519 2051 Moguntiaci
536 2008 753 2051 (Brambach
765 2009 859 2041 2058
883 2007 929 2047 cs'
948 2019 987 2050 p.
1005 2008 1181 2051 XXXIV).
1198 2028 1242 2033 --
1269 2011 1301 2051 1)
1318 2009 1431 2042 Multa
1448 2010 1522 2043 alia
1539 1966 1721 2053 epitaphia
1733 2011 1889 2044 militum

180 2068 286 2099 huius
310 2067 461 2108 legionis
480 2075 594 2108 prope
618 2065 891 2107 Moguntiacum
910 2065 1128 2107 prodierunt
1150 2066 1367 2106 (Brambach
1390 2066 1476 2100 4450
1487 2068 1594 2110 seq.)‚
1624 2066 1718 2100 unde
1740 2069 1890 2110 apparet

183 2133 259 2154 eam
278 2132 347 2165 per
370 2122 518 2164 aliquod
541 2124 678 2164 tempus
703 2124 820 2154 castra
845 2122 898 2153 ibi
914 2122 1087 2162 habuisse,
1111 2122 1248 2154 scilicet
1271 2133 1292 2154 a
1315 2124 1530 2165 temporibus
1547 2121 1701 2165 Claudii,
1725 2123 1789 2165 qui
1811 2132 1888 2155 eam

184 2180 335 2211 accitam
353 2189 399 2211 ex
417 2179 589 2221 Hispania
606 2178 787 2219 suffecisse
803 2178 946 2210 videtur
967 2178 1102 2220 legioni
1117 2178 1273 2210 decimae
1294 2181 1447 2221 quartae
1461 2180 1502 2212 in
1517 2178 1750 2212 Britanniam
1773 2182 1889 2212 tram-

185 2235 278 2268 latae
303 2233 367 2277 (οΓ.
392 2234 436 2268 Ν.
459 2234 582 2278 2262),
607 2244 718 2276 usque
742 2235 790 2267 ad
813 2246 846 2267 a.
865 2236 906 2268 69
932 2234 1033 2274 (Tac.
1050 2235 1130 2267 hist.
1153 2235 1184 2277 4,
1207 2234 1251 2267 48
1267 2238 1343 2278 cet„
1367 2234 1415 2274 οΓ.
1439 2233 1541 2275 infra
1565 2234 1611 2269 N.
1629 2235 1735 2270 2283.
1757 2235 1864 2277 2284)
1873 2247 1888 2276 ,·

182 2291 244 2323 sed
265 2293 304 2323 in
328 2291 402 2323 illis
426 2292 617 2334 epitaphiis
641 2292 812 2330 omnibus,
837 2295 878 2323 ut
901 2294 936 2323 et
959 2291 1057 2332 alibi,
1082 2291 1287 2333 appellatur
1310 2295 1439 2333 quarta
1463 2290 1704 2325 Macedonica.

295 2369 409 2416 2249
455 2371 502 2417 Q.
524 2371 712 2411 Annaeus
739 2370 744 2423 Ι
773 2371 820 2417 Q.
842 2372 868 2410 f.
891 2371 972 2410 Pol.
995 2370 1138 2410 Balbus
1158 2370 1445 2424 Favenltinus¹‚
1476 2383 1569 2411 ann.
1590 2370 1690 2419 LIII,
1720 2370 1855 2411 meiles
1877 2369 1884 2424 Ι

226 2440 299 2490 leg.
331 2439 397 2487 V²‚
437 2440 605 2478 donatus
636 2439 716 2487 bis,
756 2437 863 2492 Illvir
892 2438 1113 2487 Thuburn„
1151 2439 1189 2478 h.
1221 2452 1251 2478 s.
1283 2451 1317 2478 e.
1368 2438 1469 2478 Vixit
1495 2437 1502 2492 Ι
1527 2439 1704 2479 honeste.
1763 2437 1814 2477 Et
1843 2443 1887 2478 tu

187 2518 267 2545 ave.
318 2504 529 2558 Arbiltiatu
560 2506 607 2552 Q.
639 2503 810 2561 Annae[i
838 2503 1063 2561 S]capulae.

297 2572 338 2603 In
363 2571 491 2611 Africa
516 2583 556 2604 eo
583 2573 657 2605 Ioco
682 2574 744 2604 ube
767 2571 843 2611 fuit
862 2572 1089 2605 leuburnica
1115 2571 1224 2615 (VIII
1236 2572 1271 2606 S.
1288 2571 1390 2606 44697
1406 2571 1499 2604 vidit
1513 2570 1674 2604 Schmidt
1695 2573 1887 2615 ectypum).

184 2647 226 2652 —
248 2628 278 2667 1)
298 2627 479 2660 Oriundus
496 2627 569 2666 fuit
583 2628 771 2660 Faventia.
803 2629 857 2661 De
874 2629 976 2662 domo
991 2640 1059 2672 per
1074 2629 1288 2661 adiectivum
1311 2627 1518 2670 significata
1534 2625 1583 2666 cf.
1599 2637 1711 2670 supra
1726 2626 1773 2662 N.
1787 2627 1886 2662 2046.

183 2684 284 2718 2027.
307 2685 410 2717 2029.
426 2684 528 2724 2034,
552 2684 654 2723 infra
670 2683 716 2718 N.
732 2685 836 2718 2258.
862 2686 962 2718 2264.
986 2685 1087 2720 2274.
1111 2684 1213 2719 2277.
1237 2685 1337 2720 2344.
1360 2685 1460 2719 2489.
1476 2703 1522 2709 —
1545 2684 1578 2726 2)
1600 2683 1771 2718 Fortasse
1794 2683 1885 2725 legio

186 2742 312 2783 quinta
345 2741 523 2773 exercitus
557 2739 718 2772 Caesaris
749 2740 936 2773 dictatoris
967 2741 1061 2781 (bell.
1092 2740 1174 2780 Afr.
1197 2742 1255 2775 28.
1278 2741 1331 2775 47.
1353 2742 1406 2774 60.
1429 2741 1482 2774 84.
1505 2742 1575 2782 84).
1624 2739 1696 2774 Sub
1719 2740 1886 2781 Augusto

184 2800 218 2828 et
250 2798 326 2829 eius
348 2797 606 2829 successoribus
630 2796 722 2828 duae
745 2794 895 2835 fuerunt
919 2797 1075 2839 legiones
1099 2799 1254 2840 quintae,
1277 2797 1421 2836 Alauda
1445 2800 1479 2829 et
1501 2796 1742 2830 Macedonica.

295 2885 411 2931 2250
454 2887 499 2926 Τ.
531 2886 732 2939 Turpilius
758 2886 764 2940 Ι
792 2887 836 2927 Τ.
866 2888 892 2925 f.
925 2888 1033 2939 Pap„
1065 2901 1116 2927 m.
1148 2889 1222 2941 leg.
1249 2887 1256 2942 Ι
1285 2888 1369 2936 VI¹,‚
1399 2888 1438 2927 h.
1468 2900 1499 2927 s.
1530 2899 1564 2927 e.

298 2954 339 2985 In
363 2953 564 2986 Andalusia
584 2963 699 2996 prope
716 2953 893 2995 Estepam,
918 2955 981 2985 ubi
1003 2953 1079 2992 fuit
1104 2955 1248 2998 Ostippo
1272 2954 1439 2988 Baeticae
1464 2952 1518 2996 (II
1537 2952 1622 2985 4442
1646 2951 1756 2984 deser.
1774 2949 1883 2994 Crepo

185 3007 413 3052 Estepanus).
440 3028 482 3033 -—
511 3010 541 3051 1)
566 3009 794 3051 Intellegitur
819 3009 911 3050 legio
935 3012 1036 3042 seoeta
1057 3010 1210 3053 Victrix,
1235 3020 1328 3043 anno
1350 3020 1387 3052 p.
1414 3009 1493 3042 Chr.
1515 3008 1557 3041 70
1581 3018 1627 3040 ea·
1648 3007 1822 3051 Hispania
1845 3008 1884 3039 in

187 3063 411 3097 Germaniam
443 3065 542 3108 (Tac.
574 3067 653 3098 hist.
677 3067 707 3108 4,
731 3066 808 3109 68),
837 3066 901 3098 sub
934 3065 1119 3099 Hadriano
1153 3077 1171 3098 e
1197 3064 1389 3101 Germania
1423 3066 1463 3097 in
1494 3064 1724 3098 Britanniam
1756 3062 1883 3107 (supra
