1968 3268
515 122 632 160 Tituli
652 122 911 170 imperatorum
935 123 1135 169 domusque
1154 122 1426 170 imperatoriae.
1746 121 1826 160 187

114 239 186 274 vol.
206 240 273 283 52,
304 238 390 274 4890
407 249 448 282 p.
471 237 606 282 48516),
633 238 778 271 videtur
810 240 988 271 erravisse
1014 237 1184 279 (Huelsen
1206 236 1325 272 Iioem.
1347 236 1466 272 mula.
1488 236 1577 271 4889
1596 247 1635 279 p.
1662 237 1758 279 242).
1783 255 1828 261 -

118 297 152 339 1)
174 296 311 330 Pham
338 297 532 339 imperavit
555 294 866 338 Constantinopoli
893 295 939 328 ab
965 306 999 328 a.
1021 295 1088 329 602
1113 295 1163 328 ad
1182 305 1216 328 a.
1239 295 1315 329 640.
1344 312 1388 319 -
1421 295 1456 336 2)
1478 293 1533 326 Βε
1555 293 1758 335 Smaragdo
1781 292 1830 333 es.

116 352 167 386 ad
188 351 237 387 lv.
257 353 335 387 856.
360 371 405 377 -
426 353 461 395 3)
483 351 724 395 Significatu?
753 351 788 384 d.
810 351 830 384 4
853 352 948 394 Aug.
970 352 1046 386 608.
1069 369 1115 376 -
1139 353 1175 392 4)
1198 351 1284 384 Post
1309 350 1543 384 consulat-am.
1566 369 1613 374 —
1636 351 1670 392 5)
1692 350 1830 383 Phoeas

117 409 244 443 consul
258 411 437 452 prooessit
458 420 493 443 a.
516 410 579 443 604
602 406 669 450 (el'.
694 407 837 441 Clinton
859 406 943 447 last.
967 407 1007 442 11.
1031 408 1102 442 vol.
1124 408 1165 442 ΙΙ
1179 418 1219 451 p.
1242 407 1323 449 458)
1331 420 1346 449 ,·
1368 417 1449 440 mem
1471 409 1592 440 autem
1616 409 1753 450 tempus
1773 407 1830 439 in-

114 466 325 510 scriptionis
352 467 491 508 positae
524 468 661 498 eertum
687 466 738 497 sit
766 475 813 497 ex
843 464 1059 508 indictione,
1090 467 1241 508 apparet
1271 465 1525 498 connumerari
1554 465 1671 507 ipsum
1694 472 1829 496 annum

118 521 342 562 consulatus,
372 522 416 554 de
446 531 518 564 qua
551 521 808 554 consuetudine
829 520 876 561 el:
900 521 944 554 de
968 520 1068 554 Rossi
1089 522 1199 556 inser.
1223 522 1298 554 chr.
1322 521 1344 553 I
1362 531 1401 564 p.
1424 519 1525 554 XLII
1547 523 1582 553 et
1603 520 1654 553 ad
1674 530 1711 554 n.
1734 519 1830 563 4447,

116 579 202 611 item
223 577 415 612 Mommsen
438 577 555 611 Neues
577 578 713 612 Archiv
734 575 764 617 f.
788 577 853 612 iili.
877 577 1044 611 deutsche
1069 577 1189 612 Geseh.
1213 578 1266 618 46,
1289 576 1373 610 4894
1393 587 1432 619 p.
1446 578 1493 610 55
1516 579 1589 610 not.
1605 578 1637 610 4.
1652 578 1687 610 5.

229 634 290 668 Ad
314 635 410 668 hane
430 635 700 677 inscriptionem
721 635 856 667 nostris
879 635 1096 678 temporibus
1117 636 1255 667 incisus
1277 637 1331 667 est
1353 634 1480 666 titulus
1504 633 1595 667 VIII
1613 633 1743 677 40529,
1770 634 1832 666 eui

117 692 297 734 originem
318 689 538 731 Africanam
561 692 728 724 attribuit
749 689 927 730 falsarius
948 689 1015 731 (cll
1038 690 1129 733 Eph.
1153 693 1268 733 epigr.
1288 692 1326 732 5,
1340 690 1460 733 4224).

230 781 320 831 838
366 812 840 823 ............
893 779 1118 838 [o]peribus
1146 783 1301 836 magnis
1330 795 1379 823 ex
1407 783 1582 823 inmine-

368 847 454 908 [πεί]
494 880 924 891 ...........
941 863 962 891 s
990 851 1105 892 fortis
1135 863 1213 903 qua
1241 851 1289 891 de
1318 863 1363 891 re
1392 851 1581 891 introitus

367 948 755 959 ..........
776 949 796 958 ,.
829 949 839 958 .
871 949 880 958 .
913 948 922 957 .
955 949 965 957 .
997 919 1152 959 .dimus
1180 919 1316 960 laudes
1344 919 1580 960 felicissimis

367 985 615 1042 [temporibus
633 987 880 1029 dominorum
899 983 1143 1042 nothrorum
1163 986 1319 1028 Eraclia
1339 994 1379 1028 et
1396 987 1552 1028 Eraclia
1563 987 1576 1008 ¹

1171 1086 1180 1094 .
1218 1055 1305 1095 tino
1335 1062 1376 1095 et
1404 1055 1580 1095 Eudocia

370 1220 1013 1231 ················

367 1406 459 1434 oum
488 1395 573 1435 eius
603 1407 651 1434 co
666 1425 1011 1434 .........

363 1474 402 1502 m
461 1462 639 1502 erducxit
665 1493 1009 1502 .........

235 1528 349 1572 Pmpe
382 1475 545 1562 Theveste
576 1529 647 1562 duo
677 1528 884 1571 fragmenta
914 1531 1068 1563 eiusdem
1099 1529 1230 1573 lapidis
1261 1528 1370 1570 (VIII
1390 1528 1493 1562 40684
1500 1527 1514 1572 Ι
1521 1529 1544 1561 2
1578 1527 1625 1568 cs'.
1658 1528 1749 1572 Eph.
1779 1538 1835 1571 ep.

116 1586 151 1627 5,
173 1586 266 1626 660).
289 1603 333 1609 -
360 1586 393 1627 1)
417 1585 641 1628 Intellegitur
658 1586 845 1619 Heraclius
869 1586 1071 1628 (640-644)
1097 1596 1177 1619 cum
1201 1585 1278 1626 filio
1303 1585 1468 1618 Heraclio
1492 1587 1636 1618 iuniore
1662 1583 1833 1618 Constan-

118 1643 195 1676 tino
219 1644 255 1675 et
274 1641 356 1683 filia
378 1642 554 1675 Eudoeia.

230 1731 318 1778 839
346 1734 450 1784 ÷in
466 1734 713 1787 temporibus
729 1734 980 1775 Constantini
995 1732 1273 1789 imperatori[s‚
1288 1731 1380 1789 F]1.¹
1395 1733 1586 1786 Gregorio
1601 1733 1767 1786 patricio
1778 1733 1805 1781 ²,
1825 1732 1831 1787 fl

118 1803 289 1844 Ioannes
317 1803 397 1842 dux
426 1802 475 1842 de
503 1803 650 1855 Tigisi³
680 1803 819 1843 offeret
849 1803 1010 1843 domum
1040 1803 1114 1843 dei.
1172 1807 1226 1852 -†-
1254 1803 1480 1842 Armenus!

235 1868 460 1912 Thamugadi
475 1869 586 1909 (VIII
595 1870 690 1904 2589
713 1870 805 1903 vidit
823 1870 1053 1910 Wilmanns).
1077 1888 1120 1894 —
1146 1871 1178 1912 1)
1194 1868 1391 1912 imperatori
1416 1867 1474 1902 bel
1498 1868 1601 1911 lapis.
1625 1887 1671 1892 —
1695 1869 1729 1910 2)
1747 1867 1832 1901 Gre-

115 1927 247 1968 gorius
259 1927 440 1968 patricius
454 1924 604 1964 Africae
621 1928 684 1969 qui
698 1929 921 1960 memoratur
938 1929 1044 1959 etiam
1060 1927 1100 1959 in
1116 1925 1308 1959 annalibus
1321 1925 1491 1959 eeclesiae
1510 1925 1713 1968 propterea,
1736 1925 1833 1968 quod

120 1993 242 2016 coram
274 1992 315 2015 eo
345 1982 468 2015 habita
495 1985 549 2015 est
576 1983 771 2025 disputatio
806 1983 981 2026 quaedam
1004 1983 1048 2016 de
1070 1986 1205 2016 natura
1230 1981 1364 2016 Christi
1387 1981 1524 2022 (Mansi
1545 1984 1614 2016 aet.
1639 1981 1766 2015 concil.
1790 1982 1832 2015 40

114 2050 155 2084 p.
169 2040 234 2074 709
242 2041 341 2082 seq),
358 2048 439 2071 mm
460 2039 662 2073 descivisset
685 2042 729 2073 ab
745 2042 961 2084 imperatore
976 2051 1009 2073 a.
1023 2050 1061 2082 p.
1081 2039 1162 2074 Chr.
1170 2040 1243 2080 646,
1266 2049 1362 2072 anno
1379 2039 1579 2081 insequenti
1593 2039 1637 2071 ab
1654 2039 1832 2072 Arabibus

119 2099 235 2130 victus
265 2098 300 2128 et
328 2093 539 2134 interfectus
569 2098 621 2128 est
644 2099 728 2129 teste
756 2096 965 2141 Theophane
989 2097 1178 2138 chronogr.
1203 2098 1254 2140 (p.
1276 2096 1346 2130 545
1370 2095 1423 2128 ed.
1448 2095 1491 2128 de
1514 2095 1641 2137 Boor).
1687 2094 1830 2129 Similia

119 2155 321 2186 narrantur
343 2163 365 2184 a
381 2151 606 2194 Fredegario
630 2154 694 2195 qui
716 2153 853 2186 dieilur
876 2155 998 2187 chron.
1014 2155 1046 2194 4,
1061 2152 1104 2186 84
1121 2156 1157 2185 et
1170 2155 1210 2185 in
1226 2151 1417 2185 annalibus
1433 2151 1643 2195 quibusdam
1658 2151 1832 2185 Arabum.

122 2208 177 2249 Gr.
194 2208 357 2243 Horcelli
371 2206 502 2247 Africa
518 2208 639 2242 christ.
650 2210 675 2242 5
685 2219 723 2252 p.
735 2210 802 2243 570
809 2221 879 2253 seq.
887 2222 901 2250 ,·
929 2209 1087 2243 Tana-ter
1100 2219 1208 2242 revue
1224 2207 1404 2248 afric-aine
1419 2208 1508 2241 4885
1521 2218 1558 2251 p.
1570 2208 1637 2241 284
1645 2218 1716 2250 seq.
1756 2207 1830 2242 Sub

119 2268 263 2300 nomine
296 2264 521 2298 Constantini
557 2265 816 2307 intellegendus
851 2268 968 2308 igilur
996 2268 1047 2298 est
1078 2267 1110 2298 is
1140 2267 1203 2308 qui
1229 2265 1438 2308 plerumque
1465 2266 1616 2297 vocatur
1646 2263 1832 2307 Constans,

121 2322 281 2356 Heraclii
302 2332 420 2365 nepos,
445 2323 508 2363 qui
528 2323 696 2363 regnavit
717 2322 762 2354 ab
786 2333 819 2355 a.
834 2322 895 2355 644
920 2322 968 2355 ad
982 2333 1015 2355 a.
1030 2323 1106 2356 668.
1152 2321 1323 2354 Eiusdem
1344 2321 1497 2363 patricii
1517 2319 1686 2362 Gregorii
1702 2330 1831 2354 nomen

121 2379 256 2422 legitur
278 2380 385 2412 etiam
415 2379 454 2410 in
484 2376 590 2410 bullis
616 2378 789 2420 plumbeis
814 2381 965 2421 repertis
988 2380 1028 2411 in
1053 2376 1182 2416 Africa
1207 2376 1316 2417 (VIII
1335 2377 1470 2418 40965).
1501 2395 1545 2402 -
1577 2378 1611 2418 3)
1634 2377 1690 2410 De
1714 2376 1831 2420 Tigisi

122 2435 252 2479 oppido
282 2434 475 2468 Numidiae
506 2432 553 2473 cf.
587 2433 623 2467 C.
649 2433 735 2467 VII!
752 2443 791 2476 p.
813 2435 888 2468 960.
919 2452 964 2459 -
996 2436 1031 2476 4)
1060 2432 1143 2466 Non
1175 2433 1399 2476 intellegitur
1429 2433 1495 2474 (ad
1516 2432 1684 2468 Ioannem
1715 2434 1830 2468 trahit

126 2490 287 2525 Taua-ier
310 2492 333 2525 l.
357 2501 386 2526 c.
408 2502 443 2534 p.
459 2491 556 2532 288).
