1968 3268
145 106 228 144 386
375 118 378 121 “
884 105 1004 150 Caput
1028 104 1107 139 VII.
1141 137 1145 139 ,

259 219 389 253 Romae
421 219 470 252 ad
497 221 592 251 viam
622 217 808 251 Aureliam
842 217 914 260 (VI
932 218 1028 251 2555
1058 216 1164 250 semel
1191 216 1369 259 descripta
1396 226 1487 249 saec.
1511 215 1623 260 XVI).
1656 233 1700 241 -
1722 216 1764 260 ‚1)
1795 215 1851 248 De

145 277 257 308 servis
281 286 304 308 a
328 277 488 308 censibus
506 274 635 318 populi
660 273 812 307 Romani
835 272 881 312 cll
906 272 975 306 Mo.
1001 273 1154 307 staatsr.
1179 272 1221 306 1³
1241 283 1276 316 p.
1300 273 1372 306 529
1396 274 1469 305 not.
1491 273 1525 306 5.

258 352 373 398 1968
414 355 450 394 d.
482 366 534 392 m.
561 352 567 405 Ι
603 353 722 392 Orato
759 352 853 404 pub.
886 352 1058 392 Fabiano
1093 351 1099 404 Ι
1133 353 1181 392 ab
1220 363 1340 404 opera
1376 351 1546 404 publica.
1573 350 1581 405 Ι
1608 351 1718 392 Folia
1746 352 1848 392 Tro-

146 422 278 474 phime
308 422 439 461 coniu.
467 422 473 474 Ι
500 421 602 460 bene
632 420 800 460 merenti
832 421 935 469 fecit,
962 419 968 473 Ι
994 433 1029 459 v.
1060 432 1094 459 a.
1126 419 1239 459 LXV.

258 487 390 521 Romae
405 498 478 530 rep.
503 487 553 519 ad
569 489 716 529 portam
732 486 911 527 Latinam,
935 485 1089 526 fortasse
1113 487 1152 519 in
1169 485 1288 519 eodem
1305 485 1524 519 columbario
1547 487 1587 519 in
1611 495 1681 529 quo
1704 485 1750 520 Ν.
1766 486 1851 520 {786

145 545 214 583 (VJ
234 544 338 578 2557.
361 545 453 577 5558
475 544 568 576 vidit
591 543 759 583 Henzen).

256 622 370 668 1969
413 623 665 675 Menophilus
689 620 694 676 Ι
719 622 978 663 Lucretianus
999 620 1005 677 Ι
1027 634 1161 663 servos
1180 622 1385 675 publicus!
1413 634 1461 662 ex
1490 622 1650 663 basilica
1679 621 1847 675 Opimia.

146 692 151 747 Ι
183 693 231 739 Q.
263 691 402 732 Aemil.
433 691 659 744 Diophanti.

255 759 397 800 Romae,
423 758 551 791 tabella
577 758 703 790 litteris
718 757 866 790 vetustis
890 755 962 796 (VI
980 756 1075 791 2559
1099 756 1191 789 vidit
1206 756 1367 798 Henzen;
1389 758 1496 790 iuxta
1519 758 1560 790 in
1583 757 1704 791 eodem
1727 757 1849 800 lapide

143 818 271 849 extant
288 825 430 858 paucae
453 814 628 857 reliquiae
652 813 751 846 tituli
773 812 950 856 alterius).

255 893 369 939 1970
411 894 448 935 d.
470 907 521 934 m.
543 908 573 935 s.
602 893 607 948 Ι
635 893 829 934 Soteriebi
849 893 997 945 publici
1024 895 1029 942 Ι
1056 892 1285 933 Vestriciani
1316 906 1336 932 a
1363 892 1370 945 Ι
1396 893 1644 946 bybliotheca
1672 894 1849 947 porticus

144 962 149 1018 Ι
183 963 378 1011 Octaviae,
405 962 412 1016 Ι
439 961 587 1002 Statilia
617 961 753 1014 Helpis
779 960 785 1014 Ι
812 960 971 1011 coniugi
1001 960 1040 999 b.
1071 973 1123 999 m.
1155 961 1196 1007 s.‚
1226 973 1260 1000 v.
1291 974 1324 1001 a.
1354 961 1526 1001 XXVIII.

255 1028 386 1062 Romae
410 1031 449 1060 in
472 1028 592 1061 eodem
616 1027 836 1060 columbario
862 1037 930 1069 quo
955 1025 1002 1060 N.
1025 1026 1113 1060 4588
1137 1026 1208 1069 (VI
1229 1027 1478 1061 2349=5492
1503 1027 1596 1060 vidit
1619 1027 1790 1071 limen).

255 1117 366 1163 1971
411 1118 571 1159 decurio
599 1120 604 1168 Ι
631 1118 809 1171 Hymnus
836 1120 842 1167 Ι
868 1118 1102 1157 Aurelianus
1127 1120 1134 1171 Ι
1161 1130 1182 1156 a
1217 1116 1464 1170 bybliothece
1491 1116 1497 1170 Ι
1524 1118 1662 1158 Latina
1690 1118 1695 1168 Ι
1722 1120 1848 1171 porti·
1873 1091 1875 1093 ι

144 1201 213 1229 cus
240 1186 246 1240 Ι
274 1187 470 1235 Octaviae,
497 1186 503 1240 Ι
529 1186 693 1226 vilicus!
717 1184 732 1239 ΙΙ
755 1186 913 1233 Quintia
945 1185 985 1225 C.
1017 1185 1042 1224 l.
1075 1184 1197 1224 Clara.

255 1253 387 1287 Romae
420 1253 468 1286 ad
496 1254 591 1285 viam
613 1252 770 1295 Appiam
802 1253 841 1283 in
866 1252 1083 1285 columbario
1109 1251 1180 1294 (VI
1199 1252 1289 1286 2547
1304 1253 1448 1286 =4454
1479 1251 1573 1285 vidit
1602 1251 1771 1296 Honzen).
1802 1271 1848 1278 —-

145 1312 176 1352 1)
200 1309 297 1343 Nota
320 1311 360 1342 in
384 1308 504 1342 eodem
529 1308 767 1348 columbario,
800 1309 838 1340 in
871 1318 940 1350 quo
969 1308 1027 1340 Ιιίο
1056 1318 1178 1340 servus
1202 1307 1368 1351 publicus
1399 1319 1422 1342 a
1452 1308 1674 1352 bybliotheca
1700 1309 1846 1351 publiea

137 1366 270 1410 populo
294 1365 453 1398 Romano
484 1365 527 1397 ab
560 1364 707 1397 Octavia
737 1364 870 1397 donata
896 1363 1003 1407 (Plut.
1027 1363 1186 1399 Marcell.
1209 1364 1272 1408 50)
1304 1363 1462 1407 sepultae
1493 1366 1559 1406 est,
1588 1365 1746 1408 sepultos
1777 1375 1848 1398 esse

139 1422 331 1456 nonnullos
354 1423 469 1464 ipsius
496 1421 673 1462 Octaviae,
696 1421 828 1453 multos
851 1420 1010 1460 filiorum
1034 1422 1110 1453 eius
1133 1421 1278 1453 libertos
1302 1422 1336 1452 et
1357 1430 1475 1453 servos
1499 1419 1555 1462 (G.
1579 1420 1633 1455 VI
1650 1431 1684 1463 p.
1707 1421 1800 1465 909).

254 1499 368 1546 1972
412 1501 653 1541 Philoxenus
674 1501 812 1540 Iulian.
841 1500 846 1552 Ι
874 1501 1020 1552 public.
1052 1501 1100 1541 de
1130 1501 1285 1554 porticu
1312 1501 1318 1553 Ι
1347 1500 1528 1541 Octaviae
1559 1513 1581 1540 a
1611 1501 1846 1543 bibliotheca

140 1570 297 1610 Graeca.

254 1635 395 1676 Romae,
419 1646 516 1669 nunc
539 1635 692 1678 Neapoli
717 1634 788 1678 (VI
809 1635 901 1668 2548
924 1635 1015 1667 vidit
1038 1634 1256 1674 Mommsen).

253 1714 366 1760 1973
412 1716 470 1756 dis
499 1715 646 1755 manib.
675 1714 680 1769 Ι
709 1715 766 1755 Ti.
799 1715 958 1754 Claudio
983 1713 988 1767 Ι
1017 1714 1286 1766 Melipthongo
1313 1712 1319 1768 Ι
1347 1714 1639 1754 Obultroniano
1665 1714 1672 1768 Ι
1698 1715 1844 1767 public.

139 1797 158 1823 a
179 1784 324 1824 subsel.
352 1786 359 1834 Ι
384 1783 649 1831 tribunorum,
678 1783 683 1835 Ι
709 1784 783 1823 vix,
806 1796 899 1823 ann.
921 1783 999 1831 XL,
1027 1780 1034 1835 Ι
1063 1782 1281 1821 Primitivos
1308 1781 1313 1835 Ι
1340 1782 1442 1833 patri
1463 1781 1650 1822 carissim.
1673 1779 1679 1837 Ι
1701 1783 1845 1834 posuit.

252 1849 383 1883 Romae
414 1850 462 1883 ad
490 1852 583 1882 viam
613 1850 768 1892 Appiam
799 1860 872 1892 rep.
906 1849 977 1892 (VI
1002 1849 1093 1883 2540
1126 1848 1217 1881 vidit
1245 1848 1457 1891 Bormann).
1488 1867 1532 1873 ——
1563 1849 1617 1881 De
1647 1850 1791 1883 nomine
1814 1851 1848 1881 et

139 1906 347 1940 condicione
372 1907 478 1938 huius
493 1905 730 1949 Mele'ptkongi
751 1905 798 1945 ef.
815 1905 1007 1938 Mommsen
1025 1905 1175 1938 Staatsr.
1201 1903 1242 1937 1³
1260 1915 1298 1947 p.
1322 1905 1390 1939 521
1416 1908 1488 1938 not.
1513 1905 1544 1946 Ι,
1566 1906 1699 1948 ρ.“522
1722 1908 1794 1939 not.
1809 1907 1844 1946 5,

138 1963 180 1995 de
205 1961 329 2002 officio
354 1963 430 1994 eius
454 1963 499 1994 ib.
525 1972 560 2004 p.
584 1963 656 1995 525
680 1965 752 1996 not.
777 1964 807 1995 6.

250 2051 365 2097 1974
408 2054 445 2092 d.
477 2066 528 2093 m.
556 2056 562 2106 Ι
589 2053 705 2093 Soter
735 2065 867 2093 servos
897 2052 1078 2104 publicus
1111 2051 1116 2105 Ι
1150 2052 1339 2092 castellar.
1379 2065 1503 2105 aquae
1532 2052 1729 2093 Annionis
1759 2057 1843 2102 (sic)

140 2119 145 2168 Ι
178 2121 338 2169 veteris,
379 2121 471 2160 fecit
500 2120 659 2172 coniugi
691 2117 994 2174 benelmemnti,
1035 2127 1074 2159 et
1109 2119 1152 2159 L.
1185 2119 1452 2173 Calpurnius}
1487 2120 1693 2160 Flavianus
1731 2121 1846 2160 matri

139 2186 437 2243 benelmerenti‚
469 2187 543 2227 sibi
575 2194 614 2227 et
643 2188 723 2228 suis
751 2188 757 2241 Ι
784 2188 994 2240 posterisq.
1027 2199 1177 2227 eorum.

251 2254 393 2295 Romae,
417 2264 513 2286 nunc
538 2254 714 2287 Cortonae
739 2255 811 2293 (VI
829 2256 918 2289 2544
933 2256 1077 2288 =8495
1100 2254 1191 2287 vidit
1214 2254 1423 2291 Bormann).

253 2344 365 2389 1975
410 2345 447 2384 d.
486 2359 538 2385 m.
566 2344 571 2398 Ι
599 2346 743 2386 Laetus
782 2345 964 2397 publicus
1001 2345 1139 2397 populi
1173 2345 1179 2398 Ι
1213 2345 1417 2392 Romani¹‚
1459 2344 1642 2396 aquarius
1677 2343 1684 2397 Ι
1719 2356 1843 2396 aquae

138 2413 335 2452 Annionis
364 2413 507 2452 veteris
533 2412 540 2465 Ι
575 2413 723 2453 castelli
763 2413 844 2453 viae
875 2413 1037 2452 Latinae
1067 2419 1205 2452 contra
1230 2411 1236 2466 Ι
1265 2413 1482 2461 Dracones,
1522 2417 1560 2451 et
1591 2411 1719 2451 Flavia
1751 2412 1842 2452 Dio-

139 2481 248 2533 nysia
276 2479 281 2533 Ι
310 2481 427 2535 fecer.
451 2481 523 2519 sibi
546 2487 584 2519 et
604 2481 739 2520 Auliae
760 2480 937 2532 Argyridi
965 2479 972 2533 Ι
999 2481 1111 2527 filiae,
1143 2481 1234 2520 vixit
1253 2492 1346 2519 ann.
1369 2478 1511 2518 XXIIII
1541 2491 1594 2518 m.
1616 2478 1653 2518 II
1682 2479 1719 2518 d.
1742 2478 1841 2526 VIII,

139 2553 177 2587 et
202 2545 207 2600 Ι
235 2546 303 2586 lib.
335 2547 445 2586 liber.
476 2549 685 2599 posterisq.
717 2560 866 2588 eorum.
917 2548 963 2587 H.
986 2560 1037 2586 m.
1071 2544 1138 2602 [h.]
1170 2561 1203 2587 e.
1226 2560 1265 2586 n.
1297 2560 1328 2586 s.
1357 2547 1362 2598 Ι
1388 2546 1509 2586 Dolus
1539 2545 1665 2586 malus
1694 2546 1842 2594 abesto,

141 2622 180 2654 et
219 2613 226 2669 Ι
271 2614 489 2654 Calventiae
539 2612 764 2668 [Pa]etinae
812 2616 867 2655 itu
912 2615 1059 2654 aditum
1097 2613 1103 2667 Ι
1145 2610 1368 2669 ambitu[m]
1411 2644 1419 2653 .
1461 2643 1469 2652 .
1511 2643 1520 2652 .
1567 2610 1842 2668 [mon]umenti

167 2682 352 2722 ertinent.

140 2696 162 2734 p
256 2748 404 2781 Trebiae
427 2749 466 2780 in
495 2746 653 2788 Umbria,
685 2749 837 2789 originis
860 2750 1019 2781 urbanae
1044 2748 1115 2788 (VI
1134 2748 1225 2781 2545
1258 2747 1311 2779 bis
1334 2747 1514 2789 descripta
1545 2756 1635 2779 saec.
1660 2744 1771 2788 XVI).
1796 2763 1841 2768 —

147 2806 176 2844 l)
202 2804 350 2837 Lacuna
374 2804 558 2837 indicatur
582 2806 621 2836 in
645 2805 874 2846 apographis,
899 2806 1015 2836 nescio
1040 2814 1125 2836 num
1148 2806 1254 2836 recte.

256 2859 392 2893 Titulos
407 2870 590 2893 servorum
604 2859 828 2902 publicorum
845 2859 1070 2892 addictorum
1094 2861 1304 2894 sacerdotiis
1320 2860 1481 2893 dabimus
1496 2856 1597 2897 infra
1611 2859 1695 2899 post
1717 2856 1841 2889 titulos

137 2917 371 2950 sacerdotum.
