1968 3268
1524 0 1538 4 '⁷
1559 0 1623 19 ’»““,“,“».’“1“
1635 0 1701 20 ἶ“’”“’“ξ;“
1717 0 1869 23 “Ε’Ὕ’Έ’θ“ᾢ“ῗῖἕ*”.
1880 1 1886 7 ’
1900 0 1912 6 ⁷⁷

140 169 164 207 5
175 169 194 208 1
204 170 229 208 0
896 170 1016 216 Caput
1037 169 1101 205 IX.

259 284 302 317 In
335 284 526 317 Britannia
558 283 606 316 ad
633 283 766 316 vallum
795 283 976 316 Hadriani
1003 294 1077 327 rep.
1108 285 1184 318 loco
1221 285 1326 318 hodic
1364 286 1460 320 dicto
1490 286 1732 328 Bit-domata,
1762 287 1849 322 olim

144 340 396 383 Amboglanna
422 339 512 383 (VII
529 340 598 373 820
620 339 727 372 semel
755 339 932 382 descripta
963 349 1054 373 saec.
1077 340 1226 385 XVIII).
1258 353 1304 367 ⁶-
1337 344 1368 385 1)
1397 342 1534 376 Eadem
1564 343 1691 377 cohors
1720 342 1850 379 munos

146 398 242 431 alios
273 397 398 430 titulos
427 397 577 438 reliquit
605 395 887 438 Amboglannae.
952 395 1132 430 Tribunus
1163 399 1321 431 cohortis
1354 400 1494 442 primae
1523 399 1646 433 Aeliae
1667 399 1850 433 Dacorum

142 453 393 496 Amboglanna
417 455 620 485 recensetur
642 453 750 485 etiam
774 455 814 485 in
836 451 978 486 Notitia
1002 453 1102 496 dign.
1130 454 1207 488 Oce.
1229 465 1265 498 p.
1288 455 1349 488 444
1373 455 1499 490 Boeck.
1523 474 1568 481 —
1601 457 1634 499 2)
1659 454 1713 496 Cf.
1736 466 1849 500 supra

142 509 189 544 N.
213 512 289 544 560.
313 529 357 534 —-
381 511 416 552 3)
441 509 507 543 Cui
523 513 677 552 praeest.

255 598 369 645 2554
412 600 442 639 Ι.
476 613 512 640 ο.
543 613 595 639 m.
623 598 630 653 Ι
657 600 744 639 coh.
774 599 810 639 II
841 600 991 652 Tungr.
1019 598 1108 653 155
1147 613 1207 653 eq.
1239 614 1273 641 c.
1303 602 1363 642 L.¹
1394 602 1459 642 cui
1492 600 1499 657 Ι
1532 610 1690 656 praeest
1717 603 1804 644 Alb.

154 669 321 709 Severus
351 665 486 720 prlaef.
518 668 661 719 Tung.‚
692 665 817 723 in1sta.
848 667 929 708 vic.
962 668 1106 708 Severo
1135 666 1373 725 princip[e].²

257 736 300 768 In
328 735 466 777 Anglia
489 745 563 777 rep.
596 734 645 767 ad
674 734 807 767 vallum
832 735 1012 769 Hadriani
1044 737 1119 769 loco
1153 737 1249 769 dicto
1282 736 1533 770 CastIe-Steeds
1563 737 1851 778 (771879Φίιίἰί

143 792 287 836 Bruce).
304 811 349 815 —
369 790 403 836 1)
430 792 562 825 Cohors
583 791 738 824 secunda
766 791 995 833 Tungrorum
1018 793 1191 825 milliaria
1216 794 1374 836 equitata
1392 795 1523 827 civium
1539 793 1754 827 Latinorum
1778 793 1849 837 (ita

141 850 337 892 explicavit
351 848 530 890 Hodgwn,
547 848 759 891 adstipulati
773 850 859 880 sunt
874 848 1038 882 Huebner
1054 849 1075 882 l.
1093 860 1121 882 c.
1139 852 1175 882 et
1190 847 1382 882 Mommsen
1401 850 1516 884 Herm.
1533 850 1576 884 49
1589 861 1628 893 p.
1644 851 1689 885 75
1704 853 1778 886 not.
1792 850 1847 895 5).

141 924 186 930 —
218 906 251 945 2)
283 904 459 938 Similiter
488 901 657 937 ‘instante
687 899 867 947 principe'
897 907 1007 947 positi
1034 909 1118 939 sunt
1149 907 1193 939 ab
1224 906 1345 939 eadem
1378 908 1519 940 cohorte
1550 907 1648 940 tituli
1679 906 1846 949 V11880.

143 962 223 996 882.
269 961 324 993 De
345 962 571 1004 principibus
595 962 795 994 cohortium
818 962 1101 995 auoeiliariarum
1126 961 1172 1001 cs:
1198 962 1299 1001 infra
1323 962 1370 996 N.
1393 964 1495 997 2595.

257 1053 370 1099 2555
415 1054 527 1094 Marti
559 1060 598 1094 et
627 1052 831 1108 Victolriae
861 1055 959 1106 Aug.
998 1067 1032 1094 c.
1064 1053 1187 1108 Raeffti
1217 1055 1327 1095 milit.
1369 1056 1406 1095 in
1440 1057 1527 1095 coh.
1562 1055 1568 1110 Ι
1603 1056 1639 1096 Π
1668 1056 1846 1108 Tungr.¹‚

144 1124 209 1163 cui
235 1122 240 1174 Ι
268 1128 423 1175 praeest
454 1119 626 1177 Silviu[s]
655 1120 661 1174 Ι
687 1123 842 1174 Auspex
874 1122 1023 1174 praef.²,
1049 1121 1055 1176 Ι
1082 1135 1117 1161 v,
1148 1136 1179 1162 s.
1210 1123 1235 1162 l.
1264 1135 1317 1162 m.

257 1189 405 1222 Birrens
419 1199 530 1232 prope
542 1188 720 1232 Middleby
735 1188 946 1221 Caledoniae
961 1199 1046 1231 rep„
1063 1192 1116 1221 est
1126 1189 1331 1232 Edinburgi
1348 1190 1402 1233 (V
1398 1190 1437 1223 ΙΙ
1448 1190 1534 1224 4068
1548 1190 1639 1223 vidit
1653 1190 1845 1235 Huebner).

143 1263 188 1269 —
216 1246 247 1286 1)
272 1244 370 1278 Cives
393 1245 497 1279 Raeti
520 1245 715 1278 militantes
738 1245 778 1276 in
803 1245 945 1277 cohorte
959 1245 1113 1278 secunda
1134 1245 1372 1288 Tungrorum.
1413 1246 1587 1279 Similiter
1608 1248 1699 1281 cives
1713 1247 1848 1290 Philip-

145 1301 353 1343 popolitani
368 1302 561 1334 militantes
586 1303 625 1333 in
643 1302 829 1344 praetorio
851 1305 1050 1343 posuerunt
1073 1303 1215 1335 titulum
1241 1313 1351 1345 supra
1373 1301 1420 1336 N.
1434 1303 1534 1345 2094,
1557 1304 1649 1336 cives
1670 1303 1792 1336 Italici
1813 1307 1849 1336 et

142 1355 271 1390 Norici
286 1357 482 1390 militantes
505 1360 544 1390 in
569 1357 706 1400 legione
729 1360 830 1390 sexta
851 1357 1005 1390 Victrice
1021 1358 1163 1391 titulum
1179 1359 1430 1392 Britannicum
1454 1358 1524 1392 VII
1538 1359 1635 1402 4095,
1661 1358 1845 1393 Tea-andri

140 1416 176 1446 et
200 1413 339 1447 Sunuci
360 1414 556 1446 militantes
579 1416 619 1446 in
643 1415 787 1447 cohorte
807 1414 961 1447 secunda
986 1413 1202 1448 Nerviorum
1226 1414 1371 1448 titulum
1395 1413 1439 1448 N.
1462 1415 1566 1450 2556.
1611 1416 1655 1449 In
1677 1417 1744 1450 hac
1766 1418 1844 1460 ipsa

144 1471 288 1503 cohorte
310 1470 465 1503 secunda
486 1469 715 1513 Tungrorum
738 1471 932 1503 militantes
953 1481 1070 1514 pagus
1087 1471 1231 1505 Vellaus
1253 1474 1287 1503 et
1300 1481 1420 1514 pagus
1438 1472 1658 1513 Condi-ustis,
1681 1471 1846 1516 intellege

144 1527 274 1560 milites
297 1538 343 1560 ea·
366 1529 422 1560 his
442 1528 549 1570 pagis
572 1527 755 1569 oriundos,
775 1531 975 1569 posuerunt
998 1527 1119 1560 titulos
1144 1527 1323 1562 V114o72.
1340 1528 1437 1570 4073,
1461 1539 1549 1571 quos
1562 1527 1665 1569 infra
1682 1529 1846 1562 dabimus

142 1584 238 1616 inter
262 1585 387 1616 titulos
410 1593 532 1616 sacros
555 1585 593 1616 in
618 1585 734 1626 capite
758 1584 800 1617 de
828 1585 1034 1617 numinibus
1057 1586 1273 1627 peregrinis.
1318 1584 1372 1617 De
1403 1586 1547 1618 cohorte
1569 1585 1724 1619 secunda
1750 1584 1843 1619 Pun-

141 1650 292 1682 grorum
317 1639 366 1680 cf.
391 1639 436 1674 lv.
459 1641 561 1674 2554.
585 1659 626 1664 -—
653 1642 686 1681 2)
711 1640 807 1673 Idem
829 1639 1033 1683 praefectus
1055 1642 1208 1674 eiusdem
1233 1643 1390 1675 cohortis
1412 1645 1464 1674 est
1486 1641 1559 1676 VII
1576 1642 1677 1676 4075.

258 1719 372 1764 2556
425 1721 549 1762 Genio
585 1719 591 1774 Ι
625 1722 747 1761 huus¹
788 1718 875 1774 Iolci
914 1721 1086 1761 Texand.
1121 1720 1127 1775 Ι
1162 1728 1201 1762 et
1237 1722 1391 1763 Sunio?
1423 1723 1429 1775 Ι
1462 1723 1564 1763 vex.a
1598 1722 1733 1763 coh'or.
1767 1721 1775 1776 Ι
1808 1722 1844 1762 ΙΙ

143 1787 416 1843 Nerviorlum.⁴

256 1855 298 1887 In
332 1855 468 1897 Anglia
507 1865 582 1898 rep.
620 1855 669 1887 ad
702 1855 835 1888 vallum
870 1855 1066 1898 Hadriani,
1105 1856 1182 1889 loco
1218 1855 1312 1889 dicto
1349 1855 1634 1899 conaretur-gh,
1670 1857 1733 1889 ubi
1769 1855 1846 1897 fuit

145 1911 341 1944 Procolitz'a
367 1911 473 1954 (Eph.
490 1922 541 1954 ep.
557 1911 592 1951 5⁷,
609 1912 675 1946 403
699 1912 863 1944 Huebner
885 1912 977 1944 vidit
998 1912 1193 1955 ectypum).
1208 1931 1253 1938 —
1279 1914 1311 1955 1)
1327 1912 1405 1948 Ser.
1421 1912 1532 1946 huius.
1548 1931 1592 1938 —
1608 1914 1642 1955 2)
1662 1912 1846 1947 Twandri

146 1971 182 2000 et
205 1968 341 2001 Sunuci
363 1969 490 2011 populi
512 1968 679 2010 Belgicae
698 1968 848 2009 finitimi
861 1968 1016 2008 Nerviis,
1041 1979 1063 2001 a
1088 1970 1214 2011 quibus
1237 1969 1323 2002 haec
1347 1969 1475 2002 cohors
1489 1979 1616 2002 nomen
1640 1971 1756 2003 traxit
1779 1968 1842 2012 (cll

146 2023 339 2057 Mommsen
372 2024 488 2058 Herm.
513 2025 554 2058 49
581 2035 618 2067 p.
641 2025 685 2058 42
716 2028 790 2060 not.
814 2025 867 2066 2).
915 2024 1048 2058 Cohors
1075 2026 1195 2068 prima
1224 2024 1451 2058 Sunucorum
1478 2023 1554 2065 fuit
1580 2028 1620 2059 in
1650 2026 1843 2059 Britannia

146 2091 177 2114 a.
203 2080 268 2113 424
294 2079 424 2123 (dipl).
448 2100 493 2105 ——
518 2082 550 2123 3)
576 2081 780 2116 Veoeillarii.
805 2099 849 2105 —
874 2083 908 2123 4)
934 2081 1067 2114 Cohors
1088 2081 1244 2114 secunda
1266 2081 1482 2115 Nerviorum
1511 2084 1730 2115 memoratur
1749 2083 1845 2114 inter

145 2138 287 2169 aua-ilia
324 2138 504 2170 exercitus
541 2137 746 2170 Britannici
783 2139 822 2170 in
858 2137 1107 2180 diplomatibus
1143 2138 1296 2171 militum
1330 2140 1518 2171 missorum
1548 2148 1581 2172 a.
1610 2140 1655 2172 98
1685 2138 1792 2182 (Eph.
1823 2139 1844 2171 4

145 2204 180 2236 p.
203 2194 297 2237 300).
322 2194 396 2227 424.
421 2193 482 2227 446
508 2193 613 2236 (Eph.
637 2195 659 2226 5
679 2204 716 2236 p.
741 2195 812 2236 96),
836 2196 920 2227 item
942 2196 981 2226 in
1005 2194 1108 2227 titulo
1137 2193 1343 2227 Britannico
1371 2194 1442 2228 VII
1459 2194 1533 2228 704.

256 2285 370 2331 2557
415 2286 540 2326 Genio
576 2293 615 2326 et
643 2287 766 2339 signis
797 2284 803 2342 Ι
840 2288 927 2327 coh.
957 2287 974 2326 1
1004 2288 1030 2326 f.
1060 2287 1216 2328 Vardul.
1243 2287 1248 2341 Ι
1276 2300 1310 2327 c.
1341 2287 1387 2327 R.
1418 2299 1480 2339 eq.
1505 2285 1598 2340 DQ‘,
1632 2284 1639 2340 Ι
1665 2286 1710 2326 Τ.
1739 2286 1841 2326 Lici-

146 2355 239 2395 nius
269 2352 508 2408 Valerilanus
536 2354 626 2394 trib.

260 2421 302 2453 In
326 2420 460 2462 Anglia
485 2431 557 2463 rep.
583 2423 683 2453 trans
706 2421 837 2454 vallum
863 2420 1042 2454 Hadriani
1063 2431 1135 2454 non
1160 2420 1264 2463 longe
1286 2431 1307 2452 a
1323 2420 1456 2461 finibus
1471 2418 1624 2463 Scotiae,
1647 2420 1723 2453 loco
1746 2419 1840 2452 dicto

102 2488 105 2493 ·
146 2476 335 2509 Bochester
368 2477 458 2517 (VII
485 2476 570 2510 4054
605 2476 696 2509 vidit
727 2478 911 2518 Huebner,·
940 2487 1050 2520 supra
1074 2477 1218 2509 titulum
1240 2477 1380 2519 sculpta
1403 2480 1455 2509 est
1486 2476 1571 2509 luna
1601 2478 1636 2508 et
1663 2476 1706 2508 ab
1735 2475 1841 2508 huius

144 2535 297 2575 utraque
311 2535 415 2575 parte
428 2531 491 2577 ΗΞ,
509 2543 579 2574 qua
595 2536 679 2565 nota
697 2533 811 2566 Solem
825 2533 1029 2576 significari
1040 2533 1198 2576 putant).
1215 2552 1260 2557 —
1279 2534 1311 2574 1)
1329 2532 1460 2566 Cohors
1472 2533 1591 2575 prima
1606 2531 1681 2573 fida
1699 2531 1840 2566 Vardu-

145 2589 261 2621 lorum
295 2590 425 2621 civium
454 2587 694 2621 Romanorum
724 2591 882 2632 equitata
910 2589 1085 2622 milliaria
1117 2591 1337 2622 memoratur
1365 2590 1462 2621 inter
1491 2589 1632 2622 auxeilia
1662 2589 1841 2621 exercitus

142 2645 348 2678 Britannici
372 2655 404 2677 a.
427 2645 481 2677 98.
506 2645 581 2677 424.
604 2645 665 2677 446
691 2645 823 2688 (dipl).
870 2645 1025 2678 Varduli
1045 2645 1199 2687 populus
1223 2645 1416 2687 Hispaniae
1443 2643 1729 2678 Tarraconensis.

257 2735 372 2783 2558
415 2737 479 2776 ille
510 2750 582 2788 ego
613 2737 830 2776 Pannoniis
861 2738 1056 2788 quondam
1090 2739 1315 2777 notissimus
1344 2738 1423 2777 oris

414 2806 517 2845 inter
546 2805 650 2844 mille
679 2804 784 2844 viros
814 2805 925 2844 fortis
954 2805 1144 2857 primusq.
1176 2805 1371 2852 Batavos¹‚

415 2873 611 2912 Hadriano
643 2872 752 2924 potui
783 2872 850 2922 qui
880 2871 1006 2911 iudice
1037 2879 1140 2912 vasta
1170 2872 1357 2924 profundi

415 2952 585 2991 aequora
616 2939 779 2979 Danuvii
810 2939 961 2977 cunctis
991 2945 1196 2979 transnare
1226 2939 1299 2979 sub
1329 2940 1483 2988 armis²‚

417 3008 640 3058 emissumq.
672 3019 778 3054 arcu,
809 3006 901 3045 dum
931 3007 1076 3057 pendet
1106 3007 1145 3046 in
1178 3019 1279 3055 aere,
1311 3007 1470 3055 telum,<

414 3086 460 3112 ae
490 3073 604 3119 redit,
634 3086 681 3113 ex
711 3074 782 3113 alia
813 3073 877 3112 fixi
906 3073 1084 3124 fregique
1115 3074 1270 3123 sagitm3
