1968 3268
531 117 647 154 Tituli
667 118 928 165 inpos-aterum
950 117 1152 164 domusque
1172 117 1441 164 imperatui-lae.
1754 114 1835 154 181

237 231 427 266 Ravennae
454 230 611 272 sortasse
642 230 722 275 (sed
751 232 849 266 locus
878 242 952 265 non
979 230 1199 275 indicatur),
1228 231 1337 264 semel
1366 231 1545 275 descripta
1575 232 1659 263 ante
1686 239 1777 264 saec.
1799 241 1836 274 p.

127 289 207 324 Chr.
229 299 365 323 nonum
386 289 431 322 ab
454 290 580 331 ignoto
603 291 762 331 auctore,
785 290 889 322 cuius
911 289 1161 332 apographum
1183 289 1343 322 servavit
1355 287 1521 330 Scaliger
1536 286 1597 327 (de
1613 285 1713 320 nom·
1726 288 1838 322 inser.

125 346 247 380 christ.
270 346 308 389 2,
329 346 348 380 4
367 356 408 389 p.
430 346 454 379 8
476 356 512 379 n.
535 345 608 389 45).
632 364 679 370 —
704 346 737 387 1)
760 344 937 380 Laurentis
960 345 1133 379 traditur.

238 436 326 483 81¹7
369 450 483 490 reges
511 444 641 478 terrae
664 443 703 477 et
723 449 861 477 omnes
880 436 1032 490 populi,
1062 437 1266 490 principes
1295 442 1335 477 et
1354 447 1494 476 omnes
1522 435 1673 477 iudices
1691 442 1835 486 terrae,

125 506 288 547 laudent
318 519 463 546 nomen
494 506 658 547 domini.

239 574 407 615 Sanctae
426 574 614 614 ecclesiae
632 571 878 613 Hierusalem
898 572 1196 613 Valentinianus
1215 571 1384 612 Placidia
1414 577 1455 612 et
1473 571 1649 612 Honoria
1669 571 1836 624 Augusti

124 648 260 683 votum
289 642 504 683 solverunt.

237 707 369 742 Romae
390 709 431 741 in
451 708 597 741 ecclesia
614 707 858 751 quaedicitur
873 706 909 740 S.
928 706 1053 740 Crucis
1067 707 1108 740 in
1124 705 1367 739 Hierusalem.-
1391 705 1488 739 solus
1510 705 1700 750 descripsit
1711 707 1839 740 Petrus

126 764 284 799 Sabinus
302 763 488 809 professor
509 764 690 797 Romanus
713 774 743 797 c.
766 774 799 797 a.
815 763 902 796 4500
927 762 988 807 (de
1010 761 1114 796 Rossi
1135 764 1244 796 inser.
1269 763 1343 796 chr.
1365 763 1402 804 2,
1417 763 1437 796 4
1460 772 1495 805 p.
1513 763 1582 797 455
1604 762 1746 804 adm).
1784 762 1839 796 De

127 825 281 866 tempore
303 821 405 855 tituli
427 821 473 861 cl.
497 821 547 854 ad
568 819 615 855 Ν.
629 820 705 854 818.

240 910 328 957 818
962 916 1000 952 1.

237 986 374 1022 sancto
387 992 433 1021 ae
452 980 676 1021 beatissimo
693 980 871 1033 apostolo
887 979 1055 1020 Iohanni
1070 979 1340 1032 Evangelistae
1356 978 1463 1018 Galla
1479 976 1648 1018 Placidia
1662 978 1839 1031 Augusta

125 1061 215 1090 eum
245 1049 325 1089 filio
354 1061 427 1089 suo
446 1048 604 1089 Placido
626 1048 901 1088 Valentiniano
921 1050 1098 1100 Augusto
1129 1054 1170 1088 et
1199 1047 1277 1087 filia
1307 1059 1378 1087 sua
1397 1046 1501 1087 Iusta
1522 1046 1638 1087 Grata
1662 1045 1837 1086 Honoria

123 1117 299 1170 Augusta
328 1116 571 1157 liberationis
599 1116 819 1169 periculum
850 1116 969 1157 maris
996 1122 1132 1156 votum
1160 1116 1342 1156 solvent.¹

963 1198 1002 1236 2.

329 1263 436 1304 Galla
465 1263 635 1303 Placidia
665 1263 841 1315 Augusta
871 1275 947 1316 pro
977 1276 1019 1303 se
1050 1268 1089 1303 et
1120 1263 1180 1303 his
1210 1261 1396 1302 omnibus
1424 1268 1558 1301 votum
1589 1261 1704 1302 solvit

538 1345 576 1383 3.
1391 1345 1430 1382 4.

380 1410 419 1450 d.
450 1410 733 1451 Constantinus
1227 1410 1265 1449 d.
1298 1409 1594 1450 Valentinianus

402 1478 440 1517 d.
471 1478 716 1518 Theodosius
1274 1477 1312 1516 d.
1343 1476 1552 1517 Gratianus

430 1545 467 1584 d.
498 1545 686 1585 Arcadius
1236 1545 1273 1584 d.
1305 1544 1587 1585 Constantinus

425 1612 461 1651 d.
493 1612 695 1652 Honorius
1248 1612 1455 1652 Gratianus
1486 1625 1578 1664 nep.

366 1678 612 1720 Theodosius
642 1680 751 1733 nep.²
1259 1679 1430 1720 loannes
1461 1680 1572 1732 nep.²

177 1825 215 1865 d.
246 1838 286 1865 n.
316 1762 572 1875 TheodosiuZ
605 1827 642 1866 d.
673 1841 713 1867 n.
744 1826 948 1867 Eudocia.³
1023 1827 1061 1866 d.
1083 1839 1124 1866 n.
1146 1826 1347 1875 Arcadius,
1369 1761 1467 1866 den.
1490 1825 1667 1866 Eudoxia
1687 1825 1804 1878 Aug.³

244 1902 433 1936 Ravennae
456 1905 542 1938 olim
564 1907 605 1938 in
628 1905 776 1939 ecclesia
794 1905 830 1940 S.
847 1905 1019 1939 Iohannis
1034 1905 1298 1947 Evangelistae,
1322 1915 1428 1948 quam
1452 1907 1571 1937 votam
1596 1914 1668 1936 esse
1692 1914 1714 1936 a
1737 1902 1840 1936 Galla

128 1959 291 1994 Placidia
314 1962 431 1993 matre
454 1961 704 1995 Valentiniani
726 1962 780 1995 ΙΙΙ
810 1965 942 1996 narrat
963 1961 1137 2005 Agnellus
1167 1963 1207 1994 in
1241 1961 1332 1995 libro
1357 1972 1460 2005 quem
1482 1962 1628 2004 scripsit
1649 1971 1683 1996 a.
1706 1961 1775 1994 859
1798 1959 1841 1992 de

127 2018 215 2051 vitis
243 2018 490 2060 episcoporum
512 2017 771 2052 Rauennatium
804 2018 851 2062 (e.
872 2020 941 2059 42,-
971 2018 1066 2052 Mon.
1094 2018 1274 2061 German.²
1303 2018 1380 2052 Ser.
1408 2028 1530 2052 rerum
1553 2016 1782 2060 Langobar-d.
1807 2019 1842 2049 et

129 2075 247 2110 Italic.
257 2084 297 2117 p-
313 2074 410 2118 307),
433 2075 684 2117 inscriptiones
701 2086 806 2119 opere
828 2085 947 2108 museo
972 2086 1178 2118 expressae:
1201 2076 1359 2108 servavit
1380 2076 1633 2118 inscriptiones
1650 2073 1842 2117 plerasque

132 2130 271 2164 libellus
294 2132 411 2163 nescio
437 2141 507 2173 qua
532 2133 646 2164 aetate
673 2133 827 2174 scriptus
854 2131 898 2164 de
921 2132 1067 2165 ecclesia
1090 2131 1166 2174 illa,
1189 2142 1262 2164 una
1287 2132 1443 2165 traditus
1466 2142 1545 2164 cnm
1571 2131 1661 2164 libro
1684 2129 1842 2173 Agnelli,

131 2189 404 2231 inscriptionem
427 2187 445 2220 Ι
471 2188 578 2218 etiam
602 2188 676 2229 ipse
691 2187 864 2229 Agnellus
887 2189 1029 2221 exhibet
1053 2187 1120 2231 (XI
1133 2188 1229 2232 276).
1272 2187 1528 2230 Inscriptiones
1551 2198 1620 2230 quo
1643 2187 1747 2219 modo
1772 2186 1843 2219 dis-

130 2245 271 2288 positae
294 2242 436 2282 fuerint
456 2254 522 2286 per
541 2245 699 2285 parietes
723 2244 900 2285 ecclesiae,
925 2246 1101 2287 quaesivit
1121 2243 1233 2286 Quast
1257 2244 1314 2277 die
1338 2243 1527 2278 altchristl.
1551 2243 1750 2276 Bauwerke
1772 2253 1842 2276 von

128 2300 298 2334 Ravenna
324 2299 458 2342 (Berol.
476 2299 573 2333 4842.
590 2298 671 2343 fol.)
693 2310 730 2342 p.
746 2301 848 2343 Gseq.
896 2299 1005 2343 (Dedi
1028 2310 1105 2333 eam
1130 2303 1267 2333 tantum
1286 2302 1428 2343 partem
1452 2301 1726 2342 inscriptionum
1751 2309 1843 2342 quae

128 2360 266 2400 spectat
291 2357 339 2389 ad
360 2358 606 2398 imperatores,
630 2358 734 2389 omisi
756 2358 948 2390 sententias
968 2359 1127 2399 sumptas
1150 2367 1196 2389 eoe
1220 2357 1338 2389 bibliis
1363 2357 1477 2389 sacris
1499 2355 1670 2399 aliaque.)
1706 2355 1843 2389 Factae

129 2415 215 2446 sunt
235 2414 488 2455 inscriptiones
510 2422 583 2445 non
608 2414 690 2444 ante
713 2423 745 2445 a.
762 2413 840 2453 425,
865 2423 935 2455 quo
960 2413 1237 2446 Valentinianus
1253 2412 1310 2445 111
1331 2414 1526 2455 imperator
1548 2411 1669 2452 factus
1692 2414 1754 2453 est,
1778 2413 1842 2444 vise

127 2472 211 2513 post
233 2480 266 2503 a.
281 2470 360 2511 434,
385 2478 454 2511 quo
479 2478 573 2501 anno
592 2468 751 2501 Ilonoria
773 2469 913 2512 palatio
937 2469 1085 2511 exi-pulsa
1102 2471 1163 2502 est.
1181 2488 1226 2493 —
1245 2470 1278 2510 1)
1295 2468 1356 2502 Sic
1371 2469 1543 2502 traditur.
1559 2487 1604 2494 —
1621 2470 1654 2511 2)
1670 2467 1840 2512 D(ivus?)

134 2525 349 2559 Theodosius
369 2526 446 2557 sine
462 2525 569 2558 dubio
587 2527 786 2567 imperator
802 2528 863 2566 est,
885 2529 989 2568 pater
1004 2525 1197 2568 Placidiae,
1219 2525 1400 2558 Arcadius
1416 2528 1450 2558 et
1465 2525 1645 2558 Honorius
1660 2525 1731 2566 filii
1754 2526 1842 2567 eius,

130 2581 266 2622 fratres
281 2581 469 2622 Placidiae‚
496 2581 692 2615 Gratianus
716 2584 751 2614 et
769 2581 1043 2615 Valentinianus
1067 2581 1136 2625 (11)
1159 2581 1230 2623 filii
1246 2581 1495 2615 Valentiniani
1517 2583 1670 2615 senioris
1694 2582 1842 2624 ideoque

133 2638 303 2672 avunculi
318 2638 498 2672 Placidiae
523 2638 623 2681 (nam
648 2639 754 2670 huius
776 2640 890 2670 mater
914 2637 1016 2671 Galla
1038 2636 1115 2678 suit
1138 2641 1173 2671 et
1194 2639 1272 2682 ipsa
1295 2638 1374 2679 filia
1391 2638 1640 2672 Valentiniani
1661 2638 1841 2682 senioris),

135 2693 349 2728 Theodosius
371 2705 449 2738 nep.
475 2693 628 2734 sortasse
658 2697 710 2727 est
731 2693 829 2734 filius
854 2694 1033 2727 placidiae
1056 2705 1103 2727 ea:
1123 2695 1327 2738 Athaulpho
1353 2695 1647 2740 (olympiodorus
1670 2704 1727 2737 ap.
1752 2695 1841 2727 Pho-

133 2752 241 2794 tium,
272 2750 402 2784 Milller
423 2750 473 2791 [ν.
498 2752 577 2784 hist.
604 2750 663 2784 Gr.
688 2750 746 2784 IV
764 2761 799 2793 p.
823 2751 879 2793 62,
902 2751 976 2795 26).
1026 2750 1222 2785 Gratianus
1252 2755 1285 2785 et
1315 2753 1467 2786 Ioannes
1494 2753 1642 2795 possunt
1672 2761 1745 2782 esse
1773 2749 1843 2790 filii

137 2805 323 2840 Theodosii
345 2806 510 2846 defuncti
531 2806 690 2848 infantes
715 2806 947 2849 (Gratianum
976 2806 1090 2848 filium
1118 2807 1306 2842 Theodosii
1328 2812 1507 2842 mortuum
1533 2811 1613 2840 υίυο
1635 2809 1749 2850 patre,
1773 2816 1842 2838 me-

132 2866 250 2896 morat
265 2864 472 2897 Ambrosius
489 2865 531 2897 de
548 2866 647 2897 obitu
667 2863 855 2897 Theodosii
871 2874 899 2897 c.
913 2865 968 2904 24,
986 2862 1033 2904 cs:
1054 2863 1243 2897 Tillemont
1255 2867 1278 2898 5
1292 2875 1328 2908 p.
1344 2865 1440 2908 492).
1478 2864 1548 2897 Sed
1562 2874 1627 2896 cur
1643 2862 1801 2905 nep(otes
1809 2863 1840 2906 ἲ)
1888 2903 1891 2905 ‚

134 2919 173 2951 hi
196 2919 381 2963 dicantur,
409 2922 597 2954 incer-tum.
652 2921 738 2953 Item
761 2922 937 2953 incertum
959 2920 1030 2954 duo
1055 2920 1281 2954 Constantini
1311 2923 1374 2963 qni
1403 2922 1486 2953 sint.
1533 2920 1701 2952 Fortasse
1727 2919 1842 2952 allero

135 2974 212 3008 loco
241 2976 479 3019 reponendum
507 2976 743 3017 Constantiu35
772 2978 836 3009 vix
867 2978 960 3010 enim
986 2980 1104 3021 potest
1134 2979 1251 3010 abesse
1286 2976 1514 3011 Constantius
1543 2978 1696 3008 maritus
1728 2975 1843 3009 Placi-

138 3030 238 3074 diae‚
255 3034 363 3075 pater
386 3031 633 3066 Valentiniani
662 3032 727 3065 ΙΙΙ.
785 3031 956 3075 (Stemma
984 3035 1208 3077 propositum
1241 3033 1275 3067 C.
1300 3033 1352 3066 XI
1378 3034 1399 3066 l.
1425 3043 1454 3067 c.
1482 3034 1733 3076 perturbatum
1761 3032 1840 3077 est.)
