1968 3268
429 111 545 148 Tituli
568 109 818 157 apparitorum
842 111 880 145 et
903 118 1088 145 servorum
1110 107 1350 153 publicorum.
1661 104 1743 144 381

39 228 187 262 Plancio
210 226 262 269 44,
282 226 348 270 53)
373 229 408 259 et
430 225 611 260 Ciceronis
634 223 868 258 adulescentis
893 221 1074 262 familiari
1096 221 1187 263 (cve.
1210 221 1312 254 Brut.
1335 221 1388 261 46,
1415 219 1512 263 472),
1546 219 1630 253 licet
1653 221 1748 253 hunc

42 284 214 327 Quintana
231 284 465 327 praenomine
486 280 600 321 fuisse
620 292 668 314 ex
692 280 872 315 codicibus
889 279 1001 312 Bruti
1025 278 1253 313 ciceroniani
1275 279 1311 310 et
1330 277 1544 310 scholiastae
1566 277 1751 310 Bobiensis

42 343 83 374 in
107 340 342 374 Plancianum
367 340 417 381 (p.
440 339 511 372 259
536 338 611 380 Or.)
635 337 788 371 relatum
810 338 867 370 sit.

159 428 273 476 1933
317 429 359 472 C.
390 429 531 470 Matius
559 427 729 481 Amphio
757 433 972 480 patronus,
1005 423 1013 481 Ι
1043 408 1187 479 praeco
1218 438 1266 466 ex
1293 424 1422 466 tribus
1451 425 1608 467 decuris
1641 424 1649 480 Ι
1684 426 1753 478 qui

43 512 124 540 cos.
155 511 264 539 cens.
284 510 344 550 pr.
377 508 567 550 apparere
588 496 731 544 solent,
757 494 764 548 Ι
789 494 972 548 apparuit
1000 493 1155 534 Caesari
1185 494 1377 545 Augusto,
1406 492 1413 546 Ι
1438 493 1555 534 Matia
1583 494 1625 534 C.
1647 494 1690 535 C.
1711 493 1753 534 C.

42 567 93 607 l.¹
131 565 311 606 Iucunda
340 577 461 613 uxor,
501 563 508 617 Ι
549 563 589 604 C.
621 563 764 603 Matius
793 562 979 603 Urbanus
1007 561 1264 602 conlibertus.
1306 559 1314 613 Ι
1354 560 1558 603 Arbitratu
1587 562 1629 602 C.
1659 561 1753 603 Mati

45 634 199 676 Urbani
229 632 452 674 conliberti.

157 699 290 733 Romae
319 709 397 741 rep.
425 698 476 731 ad
501 699 598 730 viam
629 696 898 729 Praenestinam
920 695 994 735 (VI
1012 695 1098 728 4945
1129 694 1242 728 deser.
1265 694 1476 737 Detlessen).
1500 715 1545 720 —
1571 697 1604 738 1)
1631 694 1756 728 Trium

49 756 219 790 Gaiorum
244 755 381 788 Iiberta.

161 843 275 891 1934
317 845 369 898 ῌ.
398 844 570 884 Falcidio
610 846 617 895 Ι
657 843 710 885 Μ.
740 843 793 883 fil.
824 843 905 883 Pal.
940 843 947 894 Ι
981 842 1203 894 Hypatiano
1237 843 1244 896 Ι
1278 842 1430 883 adlecto
1460 843 1502 882 in
1535 841 1543 896 Ι
1577 843 1756 883 ordinem

46 915 132 955 dec.
168 913 175 968 Ι
209 913 484 960 ΡιιῐοοΙειιοτ.,
519 911 525 964 Ι
560 910 658 950 ordo
692 913 699 961 Ι
733 911 916 951 decuriae
945 910 1065 951 Iuliae
1098 908 1105 963 Ι
1140 922 1271 962 praec.
1302 907 1384 951 005.
1397 911 1422 960 ¹,
1457 912 1465 961 Ι
1497 910 1548 950 ob
1579 911 1718 951 merita
1739 908 1757 965 -Ι

49 982 102 1022 Μ.
134 981 282 1022 Falcidi
311 979 442 1032 Cupiti
468 978 475 1032 Ι
500 978 711 1032 praeconis
740 985 779 1018 et
802 977 811 1032 Ι
836 978 1049 1031 apparitor.
1079 980 1199 1030 Aug.‚
1226 977 1234 1032 Ι
1259 978 1383 1031 patris
1412 978 1508 1018 eius.

162 1047 295 1081 Romae
323 1056 418 1088 rep„
449 1047 503 1078 est
530 1044 684 1088 Neapoli
709 1043 782 1087 (VI
800 1044 884 1078 4944
916 1045 1008 1078 vidit
1029 1043 1252 1088 Mommsen).
1275 1063 1321 1069 —-
1346 1046 1381 1087 1)
1404 1044 1459 1077 De
1490 1045 1639 1078 decuria
1663 1044 1759 1078 Iulia

48 1113 270 1148 praeconum
294 1102 478 1135 consulari
502 1100 551 1141 cf.
575 1101 767 1134 Mommsen
792 1101 943 1135 Staatsr.
968 1101 1009 1134 1²
1026 1112 1066 1144 p.
1082 1101 1210 1135 329=
1225 1100 1266 1134 1³
1286 1111 1321 1144 p.
1337 1102 1403 1135 544
1426 1104 1499 1136 not.
1514 1103 1550 1135 5.

172 1192 284 1239 1935
326 1193 372 1233 L.
403 1192 608 1232 Peducaeo
643 1191 650 1246 Ι
691 1193 905 1233 Saturnino
940 1192 947 1248 Ι
981 1193 1170 1234 decuriali
1203 1191 1211 1246 Ι
1245 1192 1330 1233 dec.
1361 1191 1526 1233 scribar.
1556 1192 1646 1232 libr.
1681 1191 1689 1247 Ι
1723 1199 1762 1232 et

50 1263 173 1304 Iuliae
198 1260 434 1315 praeconiae
459 1258 467 1312 Ι
492 1260 723 1308 consularis,
755 1274 803 1301 ex
823 1250 1101 1315 tesltamento.¹
1133 1260 1335 1302 Arbitratu
1360 1261 1368 1315 Ι
1394 1261 1619 1301 Peducaeae
1640 1260 1681 1300 C.
1702 1261 1730 1300 f.
1754 1258 1760 1314 Ι

57 1330 291 1378 Semrinae,
320 1328 468 1368 uxoris.

172 1396 216 1429 In
239 1405 330 1438 agro
352 1395 493 1428 Albano
517 1405 591 1437 rep.
616 1394 722 1437 (XIV
738 1395 831 1428 2265
853 1395 959 1427 semel
982 1395 1160 1437 descripta
1183 1405 1275 1430 saec.
1299 1394 1447 1438 XVIII).

167 1484 281 1530 1936
312 1486 390 1525 hoc
409 1484 698 1524 monimentum
725 1483 732 1539 Ι
758 1485 1026 1537 apparitorum
1046 1497 1291 1536 praeconum
1318 1484 1324 1538 Ι
1350 1485 1535 1525 aedilium
1556 1492 1732 1525 veterum
1755 1476 1762 1530 Ι

53 1554 246 1595 vicarium
275 1554 369 1602 est¹‚
396 1553 403 1604 Ι
430 1559 469 1592 et
498 1552 746 1604 posterisque
776 1564 927 1595 eorum.

170 1619 301 1653 Romae
311 1621 351 1652 in
363 1621 470 1652 vinea
484 1617 603 1652 Casali
619 1618 670 1661 (V
671 1618 691 1651 1
705 1618 786 1652 4946
803 1618 894 1651 vidit
907 1617 1035 1662 Gatti).
1049 1637 1091 1642 —
1112 1621 1143 1659 1)
1156 1618 1422 1651 Monumentum
1435 1618 1652 1651 destinatum
1658 1629 1767 1661 prae-

56 1678 206 1711 canibus
229 1677 292 1719 qui
315 1677 537 1719 apparebant
560 1675 734 1707 aedilibus
759 1678 831 1707 tam
855 1676 1032 1707 veteribus
1057 1684 1163 1717 quam
1186 1676 1335 1708 vicariis
1359 1685 1482 1708 eorum
1507 1675 1567 1718 (de
1590 1676 1768 1708 veteribus

55 1736 92 1766 οἱ
116 1733 159 1766 de
181 1733 331 1766 vicariis
355 1730 403 1772 cf.
427 1731 621 1765 Mommsen
644 1731 796 1765 Staatsr.
822 1731 864 1763 1³
885 1741 919 1774 p.
936 1732 1003 1765 540
1026 1734 1099 1764 not.
1123 1731 1172 1774 4).

173 1822 286 1868 1937
330 1824 482 1864 Anniae
508 1825 515 1877 Ι
542 1823 782 1876 Agrippinae
808 1822 815 1876 Ι
841 1823 954 1863 uxori
981 1820 987 1876 Ι
1014 1823 1055 1864 C.
1085 1823 1159 1863 Iuli
1188 1822 1396 1875 Apolloni¹
1423 1820 1431 1875 Ι
1458 1822 1592 1863 decur.
1620 1824 1768 1863 Romae

61 1894 66 1943 Ι
101 1892 192 1932 trib.
225 1892 319 1931 item
347 1892 488 1939 aedil.²‚
522 1892 528 1944 Ι
566 1904 720 1932 accens.
751 1891 899 1938 velato,
935 1893 1051 1943 1cur.
1090 1904 1200 1931 mun.
1239 1890 1357 1942 glad}⁸
1382 1889 1390 1944 Ι
1414 1890 1554 1939 tridui,
1593 1891 1727 1931 hered.
1759 1890 1767 1946 Ι

61 1960 87 2000 1.
118 1960 156 1999 d.
191 1960 229 1999 d.
260 1959 297 1998 d.

171 2025 333 2058 Puteolis
356 2025 462 2067 (Eph-
487 2035 539 2068 ep.
562 2027 595 2066 8,
618 2026 684 2058 570
702 2025 894 2058 Mommsen
910 2024 1001 2057 vidit
1015 2024 1207 2068 ectypum).
1230 2043 1275 2048 ——
1301 2027 1333 2067 1)
1358 2024 1416 2058 Ad
1431 2024 1579 2057 eundem
1595 2025 1770 2058 hominem

59 2085 199 2125 spectat
215 2081 342 2113 titulus
357 2079 497 2120 fractus
516 2080 551 2115 0.
575 2080 608 2114 Χ
628 2081 724 2115 4724.
751 2101 791 2106 -
818 2083 852 2123 2)
875 2080 1079 2114 Decurialis
1091 2079 1222 2114 Romae
1238 2082 1466 2114 tribunorum
1482 2082 1567 2114 item
1589 2081 1771 2114 aedilium.

61 2156 107 2163 —
131 2138 168 2180 3)
194 2137 379 2170 carator-is
401 2138 561 2170 muneris
579 2137 809 2180 gladiatorii.

180 2214 295 2260 1938
337 2215 389 2255 Μ.
420 2215 555 2256 Vetius
587 2215 638 2255 M.
678 2216 702 2255 1.
739 2216 902 2270 Cissus!
937 2217 1136 2270 apparitor
1163 2217 1298 2266 Xvir.¹,
1334 2217 1340 2270 Ι
1375 2216 1484 2256 Vlvir
1512 2216 1611 2268 Aug.
1642 2212 1774 2271 T[r]e·

66 2284 182 2324 hulae
214 2280 369 2338 Su[f].²,
396 2283 403 2335 Ι
437 2282 589 2324 libertis
622 2283 916 2336 libertabusque
942 2284 949 2338 Ι
983 2285 1064 2325 suis
1093 2285 1302 2337 posterisq.
1335 2295 1471 2324 eorum
1498 2282 1505 2337 Ι
1539 2288 1773 2323 testamento

66 2351 152 2391 fieri
182 2350 286 2391 iusit.
314 2349 320 2404 Ι
347 2350 547 2391 Arbitratu
576 2350 761 2390 Martialis
789 2351 814 2390 l.

182 2418 225 2450 In
248 2417 355 2450 Latio
376 2427 491 2460 prope
516 2416 685 2460 oppidum
703 2416 935 2450 Saracineseo
959 2428 1032 2460 rep.
1059 2417 1164 2457 (XIV
1181 2417 1272 2450 5492
1295 2416 1391 2449 solus
1413 2416 1526 2450 deser.
1548 2427 1640 2451 saec.
1656 2417 1780 2450 XVIII

66 2473 221 2507 Bovillas
246 2476 374 2506 auctor
398 2474 621 2514 accuratus).
644 2489 690 2497 —
716 2474 748 2514 1)
766 2471 820 2512 ct:
844 2483 955 2516 supra
980 2472 1025 2506 Ν.
1051 2474 1136 2506 4909
1160 2475 1235 2507 not.
1249 2474 1281 2506 4.
1305 2491 1349 2498 -
1375 2474 1408 2514 2)
1432 2471 1585 2507 Tebulae
1609 2472 1689 2507 Sue.
1714 2484 1775 2506 ex-

69 2531 163 2573 cepit
184 2528 359 2570 Bovillas5
382 2531 533 2572 apparet
554 2527 760 2571 significari
780 2527 967 2562 Trebulam
984 2527 1233 2568 Suffenatimn
1256 2531 1488 2563 memoratam
1513 2540 1535 2562 a
1551 2529 1670 2563 Plinio
1695 2531 1776 2563 hist.

68 2589 143 2621 nat.
166 2587 203 2628 5,
217 2586 291 2619 407.

185 2674 299 2721 1939
344 2677 385 2716 C.
418 2675 610 2727 Aquillius
637 2674 644 2726 Ι
678 2674 719 2715 C.
750 2675 777 2714 f.
808 2675 885 2715 Cla.
916 2675 1014 2716 Mela
1041 2675 1047 2730 Ι
1082 2690 1129 2718 ex
1159 2677 1317 2718 decuria
1350 2676 1357 2731 Ι
1392 2678 1736 2726 armamentaria¹,
1768 2676 1776 2731 Ι

73 2743 309 2796 quinquevir
338 2744 397 2783 bis
407 2744 435 2790 ²,
462 2745 468 2792 Ι
494 2742 579 2782 fieri
609 2742 732 2782 iussit.

187 2810 407 2843 Concordiae
432 2809 489 2849 (V
505 2809 594 2842 4885
625 2808 716 2841 vidit
738 2807 959 2853 Mommsen).
983 2827 1026 2834 —
1054 2811 1087 2851 1)
1113 2809 1166 2850 cr.
1190 2810 1381 2844 Mommsen
1406 2810 1560 2845 Staatsr.
1586 2810 1626 2843 1³
1646 2820 1683 2853 p.
1699 2811 1778 2846 568.

70 2883 118 2890 —
151 2867 184 2908 2)
208 2865 448 2908 Significatur
470 2866 547 2898 sine
571 2864 677 2897 dubio
700 2863 794 2897 idem
816 2874 944 2897 munus
967 2865 1063 2908 quod
1090 2867 1134 2899 ab
1166 2867 1315 2899 Horatio
1340 2867 1454 2899 verbis
1479 2866 1561 2909 (sat.
1590 2867 1626 2908 2,
1656 2867 1694 2908 5,
1715 2866 1778 2910 55)

85 2924 248 2954 recoctus
271 2923 390 2955 scriba
414 2933 460 2954 ese
484 2913 751 2964 quinquevir-0²,
785 2918 939 2959 fortasse
962 2923 1260 2965 quinquevir-atus
1284 2924 1335 2955 cis
1364 2922 1538 2965 Tiberim,
1570 2922 1612 2955 de
1636 2933 1706 2966 quo
1730 2921 1778 2962 cll

74 2975 267 3010 Mommsen
291 2977 442 3011 Staatsr.
468 2976 528 3010 11³
546 2988 584 3020 p.
607 2977 681 3011 644.
