1968 3268
143 91 224 131 282
385 118 387 121 -
877 91 995 136 caput
1017 91 1101 126 ΙΠῘ.

141 208 294 249 Probus
315 221 348 246 v,
371 207 434 254 c.²,
453 206 459 263 Ι
477 213 662 260 quaestor
682 206 921 253 candidatus,
942 205 1024 254 filii,
1042 204 1047 260 Ι
1065 217 1212 245 munus
1233 205 1421 257 singulari
1442 205 1624 259 religioni
1642 203 1648 261 Ι
1665 205 1839 247 debitum

139 277 382 317 dedicarunt.

255 343 384 376 Romae
409 342 481 382 (VJ
499 341 587 375 4755
610 340 704 372 vidit
725 340 888 380 Henzen5
911 339 998 373 4752
1022 339 1115 372 vidit
1136 339 1348 381 Bor-mann).
1371 358 1417 364 —
1438 340 1485 372 Hi
1507 340 1607 373 tituli
1625 341 1736 384 positi
1756 343 1842 375 sunt

140 400 364 442 aliquantum
378 401 459 440 post
480 399 628 430 mortem
645 397 762 438 Probi,
785 407 870 429 nam
886 397 1021 429 Probus
1044 395 1093 428 ad
1114 395 1336 428 comulatam
1351 395 1511 436 filiorum
1533 407 1680 431 cuorum
1696 397 1792 440 (not,
1801 397 1839 441 4)

139 467 212 490 non
235 456 386 489 advioeit.
420 473 465 478 —-
500 456 530 494 l)
565 453 730 496 Olybrius
760 455 795 485 et
817 453 1009 492 Probinus,
1043 452 1151 485 Probi
1180 451 1266 492 filii,
1298 453 1458 486 consules
1489 453 1670 487 ordinarii
1691 451 1844 492 fuerunt

140 524 172 546 a.
196 514 275 547 595.
300 530 344 536 -
370 512 401 552 2)
431 510 571 543 Tertius
593 510 692 551 filius
715 510 833 550 Probi,
860 511 923 552 qui
940 511 1064 552 postea
1090 510 1216 542 consul
1237 509 1446 542 ordinarius
1468 507 1543 550 fuit
1566 521 1599 544 α.
1621 512 1695 545 406.

251 623 363 669 1269
436 624 667 665 Consimiles
696 624 860 663 fratrum
892 623 1037 663 trabeis
1066 623 1281 674 gestamina
1309 625 1506 664 honorum

494 693 620 740 tertia,
652 704 752 743 quae
783 691 935 738 derant,
967 691 1184 731 addidimus
1214 691 1348 732 titulis.

407 761 580 800 Dilectae
611 759 765 799 Probus
796 760 890 799 haec
920 760 1100 811 persolvo
1130 771 1295 800 munera
1325 761 1441 801 matri

493 828 705 868 restituens
734 828 870 867 statuis
900 828 1071 879 praemia
1104 840 1202 879 quae
1233 828 1402 868 dederat.

249 896 409 936 Aniciae
431 895 630 935 Faltoniae
657 894 663 949 Ι
691 894 872 943 Probae¹,
903 895 1066 935 Amnios
1087 895 1267 935 Pincios²
1293 893 1299 950 Ι
1326 896 1564 949 Aniciosque
1592 897 1807 948 decoranti,
1829 895 1836 954 Ι

137 965 310 1005 consulis
329 965 455 1012 uxori,
483 962 489 1017 Ι
516 963 690 1004 consulis
711 963 824 1012 filiae,
851 964 857 1015 Ι
884 964 1090 1003 consulum
1123 964 1249 1013 matri,
1277 964 1283 1015 Ι
1309 965 1469 1006 Anicius
1489 965 1687 1007 Probinus
1715 979 1749 1007 v.
1771 979 1806 1007 c.
1830 963 1838 1021 Ι

138 1033 277 1072 co‘nsul
316 1033 537 1072 ordinarius
571 1031 578 1084 Ι
610 1039 649 1072 et
678 1031 840 1071 Anicius
879 1031 1034 1071 Probus
1072 1045 1105 1070 v.
1146 1044 1180 1071 c.
1217 1033 1222 1081 Ι
1259 1038 1443 1083 quaestor
1481 1033 1710 1075 candidatus
1735 1032 1742 1089 Ι
1768 1034 1838 1075 filii

136 1100 304 1140 devincti
330 1100 335 1155 Ι
364 1100 550 1140 maternis
580 1099 728 1140 meritis
753 1098 758 1153 Ι
780 1100 1022 1139 dedicarunt.

250 1166 379 1200 Romae
403 1166 475 1207 (VI
493 1166 577 1199 4764
600 1168 740 1208 saepius
764 1167 942 1209 descripta
969 1176 1060 1199 saec.
1083 1165 1153 1199 XV
1151 1166 1186 1206 I‚·
1217 1175 1314 1198 nuno
1342 1176 1428 1209 pars
1460 1170 1511 1199 est
1533 1166 1707 1210 Lugduni
1726 1168 1836 1202 Bata·

135 1226 290 1265 vorum).
342 1222 479 1256 Titulus
506 1224 642 1265 positus
666 1225 719 1254 est
741 1225 784 1255 ab
810 1222 938 1255 eisdem
962 1224 1163 1255 hominibus
1194 1225 1227 1254 et
1251 1222 1370 1254 eodem
1394 1225 1550 1266 tempore
1573 1235 1643 1267 quo
1667 1223 1713 1258 N.
1737 1225 1838 1269 4268,

136 1282 232 1315 inter
260 1290 372 1312 annos
395 1280 463 1313 395
488 1283 521 1311 et
543 1281 624 1320 406,-
657 1290 776 1312 versus
799 1290 909 1322 supra
923 1270 1086 1312 *titulum
1106 1280 1323 1322 primarium
1347 1279 1464 1312 additi
1484 1283 1570 1313 eunt
1591 1291 1622 1315 a.
1646 1283 1725 1323 406,
1757 1292 1837 1315 eum

135 1339 241 1369 etiam
261 1337 396 1369 Probus
419 1338 543 1368 iunior
567 1336 615 1368 ad
637 1336 858 1369 consulatum
883 1336 1109 1369 ordinarium
1129 1338 1358 1378 peremisset.
1381 1354 1425 1360 —
1451 1337 1483 1379 1)
1509 1335 1609 1372 Uxor
1630 1338 1738 1371 Probi
1761 1340 1838 1372 eius

136 1394 196 1425 oui
207 1394 319 1435 positi
334 1396 418 1425 sunt
432 1392 530 1424 tituli
552 1391 597 1425 N.
614 1393 780 1426 4265—8.
821 1393 945 1426 Eidem
969 1392 1113 1425 mulieri
1132 1394 1270 1434 positus
1293 1395 1344 1425 est
1367 1404 1388 1426 a
1410 1392 1487 1432 filio
1510 1396 1601 1427 natu
1622 1396 1779 1428 maximo
1802 1398 1839 1428 et

137 1451 215 1482 eius
237 1460 368 1491 uxore,
400 1450 440 1481 id
472 1453 524 1482 est
550 1451 592 1482 ab
618 1450 746 1482 eisdem
771 1452 834 1492 qui
854 1452 1051 1492 posuerunt
1074 1447 1120 1483 N.
1144 1449 1242 1490 4267,
1271 1449 1396 1483 titulus
1420 1449 1472 1483 Vl
1493 1450 1590 1485 4755.
1614 1469 1657 1475 —
1682 1452 1716 1494 2)
1747 1450 1839 1485 Gom

134 1506 259 1538 Pincia
285 1506 373 1538 alibi
396 1517 467 1538 non
491 1509 720 1539 memoratur.
767 1506 820 1538 Ab
845 1505 991 1538 aedibus
1014 1506 1121 1538 huius
1139 1508 1261 1547 gentis
1280 1496 1538 1540 mons'Ptncius
1553 1517 1680 1541 nomen
1696 1507 1838 1542 videtur

135 1565 288 1595 traxisse
311 1563 478 1602 (Huelsen
502 1562 618 1595 Rom.
645 1563 759 1595 Mum.
783 1562 869 1596 4889
890 1573 926 1605 p.
948 1563 1015 1595 269
1039 1564 1110 1594 not.
1137 1563 1186 1604 2).

249 1619 445 1662 Epitaphia
475 1619 637 1652 Petronii
659 1619 768 1652 Probi
791 1623 826 1651 et
848 1621 976 1652 uxoris
998 1622 1141 1661 reperta
1165 1619 1214 1652 ad
1236 1619 1271 1653 S.
1300 1620 1396 1653 Petri
1418 1620 1532 1654 edidit
1559 1620 1700 1654 Henzen
1725 1619 1759 1654 C.
1786 1619 1841 1654 VI

132 1686 169 1718 p.
192 1677 261 1710 589
286 1675 351 1719 (of.
375 1676 417 1709 de
440 1675 542 1709 Rossi
563 1678 671 1709 inser.
697 1676 776 1709 Clzr.
801 1676 846 1716 II,
869 1687 903 1719 p.
927 1677 1022 1718 548).

247 1779 360 1824 1270
403 1780 449 1826 Q.
483 1780 615 1820 Clodio
648 1780 966 1832 Hermogeniano
993 1782 999 1830 Ι
1027 1779 1211 1832 Olybrio¹
1242 1793 1274 1819 v.
1308 1793 1364 1831 c.‚
1405 1781 1515 1821 fratri
1550 1779 1833 1835 {admirandae

133 1849 299 1901 pietatis,
326 1847 333 1902 Ι
360 1848 563 1889 Faltonius
593 1848 746 1888 Probus
773 1845 778 1903 Ι
805 1848 965 1901 Alypius
994 1860 1028 1886 v,
1060 1847 1112 1888 c.²

247 1915 378 1948 Romae
403 1915 474 1955 (VI
494 1915 580 1949 4745
604 1916 792 1958 aliquoties
816 1915 996 1958 descripta
1019 1925 1109 1947 saec.
1134 1914 1244 1956 XVI).
1269 1934 1313 1939 —-
1341 1916 1372 1957 1)
1398 1913 1452 1955 Cf.
1469 1915 1515 1949 Ν.
1530 1915 1626 1950 4274.
1650 1935 1695 1940 -
1718 1917 1752 1958 2)
1778 1914 1833 1956 Cf.

129 1983 238 2016 supra
262 1971 307 2005 N.
322 1972 400 2006 785.

245 2028 357 2075 1271
402 2030 614 2082 Tyrraniae
645 2016 803 2069 Aniciae
835 2027 841 2082 Ι
875 2029 1046 2069 Iulianae
1075 2041 1109 2069 c.
1141 2030 1189 2077 f.,
1230 2029 1388 2082 coniugi
1414 2028 1420 2082 Ι
1447 2029 1494 2076 Q.
1526 2029 1634 2070 Clodi
1665 2029 1832 2069 Hermo-

133 2100 291 2151 geniani
325 2098 331 2152 Ι
367 2098 502 2150 Olyhri
540 2111 574 2136 v.
607 2111 661 2146 c.‚
697 2098 947 2148 {consularis
977 2097 1246 2149 Campaniae¹,
1283 2096 1289 2149 Ι
1323 2097 1572 2150 proconsulis
1599 2096 1790 2145 Africae²,
1823 2094 1830 2152 Ι

131 2167 318 2220 praefecti
350 2166 493 2213 urbis³,
523 2164 528 2218 Ι
554 2167 675 2218 praef.
701 2172 828 2218 praet.
859 2165 1021 2217 Illyrici,
1057 2164 1063 2217 Ι
1090 2165 1211 2217 praef.
1246 2171 1367 2216 praet.
1399 2164 1593 2214 Orientis,
1620 2162 1626 2219 Ι
1652 2165 1826 2206 consulis

133 2234 354 2282 ordinarii⁴,
381 2232 386 2287 Ι
415 2234 471 2273 Fl.
505 2234 662 2273 Clodius
691 2234 816 2274 Rufus
845 2246 880 2272 v.
911 2246 950 2285 p.
978 2234 983 2285 Ι
1011 2239 1199 2285 patronae
1228 2239 1455 2285 perpetuae.

246 2300 375 2334 Romae
399 2301 449 2341 (V
454 2300 471 2332 I
489 2301 571 2333 4744
596 2301 688 2333 vidit
710 2301 878 2342 Henzen).
902 2319 947 2324 -
974 2301 1004 2342 1)
1031 2299 1083 2338 Cf.
1100 2298 1135 2332 X
1145 2301 1244 2333 6083.
1261 2317 1305 2324 -
1323 2301 1357 2338 2)
1375 2298 1570 2332 Proconeul
1581 2296 1732 2338 Africae
1754 2295 1832 2337 fuit

133 2359 195 2389 sub
212 2357 318 2397 finem
333 2359 438 2398 regni
452 2357 651 2390 Constantii
667 2359 699 2389 et
714 2358 777 2389 sub
794 2357 935 2390 Iuliano
953 2358 971 2396 (
973 2356 1061 2390 VIII
1069 2357 1163 2390 4860.
1175 2357 1268 2390 5554
1286 2355 1333 2395 cf.
1350 2355 1459 2390 Seeck
1474 2355 1607 2399 Syrum.
1617 2364 1656 2397 p.
1673 2353 1829 2396 XCVII).

133 2432 177 2438 —
202 2415 234 2454 3)
258 2415 300 2446 A.
323 2414 502 2446 368—570
528 2412 591 2452 (cf.
618 2413 725 2446 Seeck
749 2415 770 2448 l.
795 2414 854 2457 o.).
881 2433 921 2437 —
947 2415 981 2454 4)
1006 2413 1048 2446 Α.
1072 2413 1138 2446 579
1161 2423 1240 2445 cum
1262 2413 1434 2445 Ausonio.

246 2513 359 2559 1272
403 2515 579 2566 Ragonio
613 2516 816 2555 Vincentio
856 2516 967 2556 Celso
1004 2529 1037 2555 ν.
1078 2529 1134 2564 c.‚
1169 2515 1175 2568 Ι
1211 2528 1232 2555 a
1261 2515 1387 2568 primo
1427 2514 1561 2554 aetatis
1594 2513 1757 2553 introitu
1786 2513 1828 2554 in

134 2589 222 2623 actu
249 2581 255 2636 Ι
281 2582 438 2635 publico
470 2582 571 2621 fideli
603 2583 879 2622 exercitatione
909 2590 1080 2631 versato,
1108 2582 1113 2635 Ι
1141 2583 1253 2624 cuius
1281 2583 1537 2635 primaevitas,
1567 2581 1696 2620 officio
1726 2581 1829 2622 sedis

134 2651 309 2691 urbanae
336 2649 341 2704 Ι
368 2649 632 2689 advocationis
654 2651 860 2698 exercito¹,
891 2651 1007 2690 fidem
1031 2651 1182 2691 iuncxit
1201 2651 1373 2702 ingenio,
1397 2646 1403 2703 Ι
1423 2649 1654 2702 prudentiae
1673 2649 1831 2689 miscuit

133 2719 373 2764 libertatem,
405 2718 455 2757 ita
487 2723 530 2756 ut
561 2729 676 2756 nemo
708 2717 754 2755 de
781 2716 786 2770 Ι
814 2718 897 2757 eius
926 2719 1138 2766 industria,
1169 2718 1244 2758 nisi
1273 2718 1349 2766 ille,
1380 2724 1516 2756 contra
1546 2728 1664 2767 quem
1695 2728 1827 2756 susce-

135 2792 256 2838 perat,
284 2785 290 2840 Ι
317 2785 564 2833 formidarem
596 2785 707 2823 cuius
729 2798 907 2824 accessus
927 2787 1062 2825 aetatis
1089 2785 1316 2838 amplissimi
1343 2783 1349 2838 Ι
1373 2784 1536 2824 honoris
1565 2789 1604 2822 et
1633 2783 1699 2834 qui
1728 2783 1828 2823 solet

134 2853 321 2893 seniorib.
353 2853 574 2905 provenire,
606 2850 847 2906 ornalmenta
878 2854 1115 2904 promeruit:
1148 2866 1238 2893 nam
1269 2853 1369 2892 rexit
1397 2851 1651 2891 annonariam
1683 2848 1827 2905 potes}-

132 2928 250 2960 tatem
283 2922 391 2961 urbis
421 2920 627 2960 aeternae2
657 2933 701 2959 ea
730 2920 935 2971 aequitate,
966 2927 1010 2960 ut
1040 2922 1143 2960 inter
1178 2933 1335 2963 omnes,
1370 2918 1377 2972 Ι
1403 2918 1469 2970 qui
1499 2918 1545 2957 ad
1576 2929 1664 2958 eum
1695 2918 1826 2957 animo

129 2988 320 3040 litigantis
349 2989 574 3036 intrassent,
605 2993 807 3040 parentem
839 3000 879 3027 se
908 2986 912 3040 Ι
940 2987 1132 3039 plerumq.
1164 2988 1284 3039 magis
1303 2987 1364 3026 his
1384 2997 1499 3037 quam
1521 2985 1686 3025 iudicem
1710 2997 1825 3037 prae-
