<?xml version="1.0" encoding="UTF-8"?>
<!DOCTYPE html PUBLIC "-//W3C//DTD XHTML 1.0 Transitional//EN"
    "http://www.w3.org/TR/xhtml1/DTD/xhtml1-transitional.dtd">
<html xmlns="http://www.w3.org/1999/xhtml" xml:lang="en" lang="en">
 <head>
  <title>
</title>
<meta http-equiv="Content-Type" content="text/html;charset=utf-8" />
  <meta name='ocr-system' content='tesseract 3.04.00' />
  <meta name='ocr-capabilities' content='ocr_page ocr_carea ocr_par ocr_line ocrx_word'/>
</head>
<body>
  <div class='ocr_page' id='page_1' title='image "./inscriptioneslat01dessuoft_0292.png"; bbox 0 0 1968 3268; ppageno 0'>
   <div class='ocr_carea' id='block_1_1' title="bbox 133 34 1094 123">
    <p class='ocr_par' dir='ltr' id='par_1_1' title="bbox 133 34 1094 123">
     <span class='ocr_line' id='line_1_1' title="bbox 133 34 1094 123; baseline -0.004 -18"><span class='ocrx_word' id='word_1_1' title='bbox 133 67 216 106; x_wconf 87' lang='lat'>280</span> <span class='ocrx_word' id='word_1_2' title='bbox 370 121 374 123; x_wconf 65' lang='lat'>‚</span> <span class='ocrx_word' id='word_1_3' title='bbox 720 34 728 44; x_wconf 36' lang='lat'>⁸</span> <span class='ocrx_word' id='word_1_4' title='bbox 868 67 989 113; x_wconf 78' lang='lat' dir='ltr'>Caput</span> <span class='ocrx_word' id='word_1_5' title='bbox 1010 65 1094 102; x_wconf 90' lang='lat'>1111.</span> 
     </span>
    </p>
   </div>
   <div class='ocr_carea' id='block_1_2' title="bbox 134 182 1835 235">
    <p class='ocr_par' dir='ltr' id='par_1_2' title="bbox 134 182 1835 235">
     <span class='ocr_line' id='line_1_2' title="bbox 134 182 1835 235; baseline 0.001 -11"><span class='ocrx_word' id='word_1_6' title='bbox 134 183 350 225; x_wconf 83' lang='lat' dir='ltr'>Laernam²</span> <span class='ocrx_word' id='word_1_7' title='bbox 370 183 443 223; x_wconf 91' lang='lat' dir='ltr'>deo</span> <span class='ocrx_word' id='word_1_8' title='bbox 459 183 605 223; x_wconf 89' lang='lat' dir='ltr'>Libero</span> <span class='ocrx_word' id='word_1_9' title='bbox 626 189 667 223; x_wconf 89' lang='lat' dir='ltr'>et</span> <span class='ocrx_word' id='word_1_10' title='bbox 682 182 815 222; x_wconf 91' lang='lat' dir='ltr'>Cereri</span> <span class='ocrx_word' id='word_1_11' title='bbox 836 187 874 222; x_wconf 90' lang='lat' dir='ltr'>et</span> <span class='ocrx_word' id='word_1_12' title='bbox 891 182 1026 232; x_wconf 85' lang='lat' dir='ltr'>Corae,</span> <span class='ocrx_word' id='word_1_13' title='bbox 1047 188 1222 222; x_wconf 88' lang='lat' dir='ltr'>sacratae</span> <span class='ocrx_word' id='word_1_14' title='bbox 1242 183 1346 234; x_wconf 89' lang='lat' dir='ltr'>apud</span> <span class='ocrx_word' id='word_1_15' title='bbox 1361 183 1550 235; x_wconf 81' lang='lat' dir='ltr'><strong>Aeginam</strong></span> <span class='ocrx_word' id='word_1_16' title='bbox 1568 183 1728 234; x_wconf 79' lang='lat' dir='ltr'><strong>deabus,</strong></span> <span class='ocrx_word' id='word_1_17' title='bbox 1749 189 1835 225; x_wconf 88' lang='lat' dir='ltr'>tau-</span> 
     </span>
    </p>
   </div>
   <div class='ocr_carea' id='block_1_3' title="bbox 135 249 1841 698">
    <p class='ocr_par' dir='ltr' id='par_1_3' title="bbox 135 249 1835 302">
     <span class='ocr_line' id='line_1_3' title="bbox 135 249 1835 302; baseline 0 -10"><span class='ocrx_word' id='word_1_18' title='bbox 135 252 359 299; x_wconf 90' lang='lat' dir='ltr'>roboliatae,</span> <span class='ocrx_word' id='word_1_19' title='bbox 376 251 533 299; x_wconf 82' lang='lat' dir='ltr'>Isiacae,</span> <span class='ocrx_word' id='word_1_20' title='bbox 551 250 868 302; x_wconf 88' lang='lat' dir='ltr'>hierophantriae</span> <span class='ocrx_word' id='word_1_21' title='bbox 879 250 973 289; x_wconf 92' lang='lat' dir='ltr'>deae</span> <span class='ocrx_word' id='word_1_22' title='bbox 983 249 1164 299; x_wconf 81' lang='lat' dir='ltr'>Hecatae,</span> <span class='ocrx_word' id='word_1_23' title='bbox 1176 249 1551 291; x_wconf 81' lang='lat' dir='ltr'>Graecosacraneae³</span> <span class='ocrx_word' id='word_1_24' title='bbox 1567 251 1661 292; x_wconf 85' lang='lat' dir='ltr'>deae</span> <span class='ocrx_word' id='word_1_25' title='bbox 1672 251 1835 292; x_wconf 84' lang='lat' dir='ltr'>Cereris.</span> 
     </span>
    </p>

    <p class='ocr_par' dir='ltr' id='par_1_4' title="bbox 135 315 1841 698">
     <span class='ocr_line' id='line_1_4' title="bbox 247 315 1838 360; baseline 0 -9"><span class='ocrx_word' id='word_1_26' title='bbox 247 317 379 351; x_wconf 84' lang='lat' dir='ltr'>Romae</span> <span class='ocrx_word' id='word_1_27' title='bbox 403 317 475 357; x_wconf 89' lang='lat' dir='ltr'>(VI</span> <span class='ocrx_word' id='word_1_28' title='bbox 493 317 595 357; x_wconf 86' lang='grc'><strong><em>4780,</em></strong></span> <span class='ocrx_word' id='word_1_29' title='bbox 621 317 808 358; x_wconf 75' lang='lat' dir='ltr'>descripsit</span> <span class='ocrx_word' id='word_1_30' title='bbox 831 315 1016 359; x_wconf 73' lang='lat' dir='ltr'>Cyriacus,</span> <span class='ocrx_word' id='word_1_31' title='bbox 1039 317 1136 349; x_wconf 80' lang='lat' dir='ltr'>solus</span> <span class='ocrx_word' id='word_1_32' title='bbox 1159 319 1200 349; x_wconf 86' lang='lat' dir='ltr'>ut</span> <span class='ocrx_word' id='word_1_33' title='bbox 1222 317 1393 358; x_wconf 84' lang='lat' dir='ltr'>videtur).</span> <span class='ocrx_word' id='word_1_34' title='bbox 1416 336 1461 341; x_wconf 93' lang='lat'>—</span> <span class='ocrx_word' id='word_1_35' title='bbox 1486 319 1518 360; x_wconf 91' lang='lat'>1)</span> <span class='ocrx_word' id='word_1_36' title='bbox 1541 319 1617 352; x_wconf 86' lang='lat' dir='ltr'>Aeo</span> <span class='ocrx_word' id='word_1_37' title='bbox 1639 317 1838 352; x_wconf 71' lang='lat' dir='ltr'>Gamllinus</span> 
     </span>
     <span class='ocr_line' id='line_1_5' title="bbox 138 371 1840 417; baseline 0 -9"><span class='ocrx_word' id='word_1_38' title='bbox 138 375 372 408; x_wconf 78' lang='lat' dir='ltr'>Philomatius</span> <span class='ocrx_word' id='word_1_39' title='bbox 400 371 605 417; x_wconf 73' lang='lat' dir='ltr'>praefectus</span> <span class='ocrx_word' id='word_1_40' title='bbox 640 374 724 405; x_wconf 82' lang='lat' dir='ltr'>urbi</span> <span class='ocrx_word' id='word_1_41' title='bbox 753 371 828 412; x_wconf 77' lang='lat' dir='ltr'>fuit</span> <span class='ocrx_word' id='word_1_42' title='bbox 860 384 894 407; x_wconf 89' lang='lat' dir='ltr'>a.</span> <span class='ocrx_word' id='word_1_43' title='bbox 923 373 1120 414; x_wconf 76' lang='grc'><strong><em>542-544,</em></strong></span> <span class='ocrx_word' id='word_1_44' title='bbox 1160 374 1284 406; x_wconf 78' lang='lat' dir='ltr'>consul</span> <span class='ocrx_word' id='word_1_45' title='bbox 1317 374 1393 407; x_wconf 85' lang='lat' dir='ltr'>ord.</span> <span class='ocrx_word' id='word_1_46' title='bbox 1431 385 1464 407; x_wconf 91' lang='lat' dir='ltr'>a.</span> <span class='ocrx_word' id='word_1_47' title='bbox 1486 374 1566 408; x_wconf 74' lang='lat'>349.</span> <span class='ocrx_word' id='word_1_48' title='bbox 1613 372 1667 414; x_wconf 76' lang='lat'>01⁰.</span> <span class='ocrx_word' id='word_1_49' title='bbox 1699 374 1840 417; x_wconf 79' lang='lat' dir='ltr'>cagnat</span> 
     </span>
     <span class='ocr_line' id='line_1_6' title="bbox 135 426 1840 474; baseline -0.001 -10"><span class='ocrx_word' id='word_1_50' title='bbox 135 430 312 474; x_wconf 79' lang='lat' dir='ltr'>me&#39;langes</span> <span class='ocrx_word' id='word_1_51' title='bbox 336 431 470 463; x_wconf 75' lang='lat' dir='ltr'>d’arch.</span> <span class='ocrx_word' id='word_1_52' title='bbox 503 433 539 461; x_wconf 90' lang='lat' dir='ltr'>et</span> <span class='ocrx_word' id='word_1_53' title='bbox 569 429 682 463; x_wconf 74' lang='lat' dir='ltr'>d&#39;lzr&#39;st.</span> <span class='ocrx_word' id='word_1_54' title='bbox 715 428 757 461; x_wconf 86' lang='lat' dir='ltr'>de</span> <span class='ocrx_word' id='word_1_55' title='bbox 790 426 907 461; x_wconf 86' lang='lat' dir='ltr'>l’e&#39;cole</span> <span class='ocrx_word' id='word_1_56' title='bbox 942 427 991 468; x_wconf 80' lang='lat' dir='ltr'>fr.</span> <span class='ocrx_word' id='word_1_57' title='bbox 1017 429 1058 462; x_wconf 88' lang='lat' dir='ltr'>de</span> <span class='ocrx_word' id='word_1_58' title='bbox 1080 428 1188 463; x_wconf 80' lang='lat' dir='ltr'>Rome</span> <span class='ocrx_word' id='word_1_59' title='bbox 1209 430 1241 470; x_wconf 88' lang='lat'>7,</span> <span class='ocrx_word' id='word_1_60' title='bbox 1270 429 1355 463; x_wconf 88' lang='grc'><strong><em>4887</em></strong></span> <span class='ocrx_word' id='word_1_61' title='bbox 1376 441 1412 473; x_wconf 85' lang='lat' dir='ltr'>p.</span> <span class='ocrx_word' id='word_1_62' title='bbox 1435 431 1524 472; x_wconf 81' lang='lat'>266,·</span> <span class='ocrx_word' id='word_1_63' title='bbox 1551 430 1584 464; x_wconf 83' lang='lat' dir='ltr'>J.</span> <span class='ocrx_word' id='word_1_64' title='bbox 1609 429 1770 463; x_wconf 77' lang='lat' dir='ltr'><strong><em>Schmidt</em></strong></span> <span class='ocrx_word' id='word_1_65' title='bbox 1791 429 1840 463; x_wconf 81' lang='lat' dir='ltr'>ad</span> 
     </span>
     <span class='ocr_line' id='line_1_7' title="bbox 136 485 1838 531; baseline 0 -9"><span class='ocrx_word' id='word_1_66' title='bbox 136 489 225 531; x_wconf 81' lang='lat' dir='ltr'>Eph.</span> <span class='ocrx_word' id='word_1_67' title='bbox 243 497 295 529; x_wconf 88' lang='lat' dir='ltr'>ep.</span> <span class='ocrx_word' id='word_1_68' title='bbox 312 487 343 529; x_wconf 87' lang='lat'>7,</span> <span class='ocrx_word' id='word_1_69' title='bbox 358 487 439 521; x_wconf 86' lang='grc'><strong><em>220.</em></strong></span> <span class='ocrx_word' id='word_1_70' title='bbox 450 506 493 512; x_wconf 86' lang='lat'><em>-</em></span> <span class='ocrx_word' id='word_1_71' title='bbox 513 487 545 527; x_wconf 82' lang='lat'>2)</span> <span class='ocrx_word' id='word_1_72' title='bbox 564 485 826 528; x_wconf 77' lang='lat' dir='ltr'>Significantur</span> <span class='ocrx_word' id='word_1_73' title='bbox 841 487 1012 528; x_wconf 77' lang='lat' dir='ltr'>mysteria</span> <span class='ocrx_word' id='word_1_74' title='bbox 1024 485 1196 526; x_wconf 83' lang='lat' dir='ltr'>Lernaea,</span> <span class='ocrx_word' id='word_1_75' title='bbox 1215 486 1256 518; x_wconf 89' lang='lat' dir='ltr'>de</span> <span class='ocrx_word' id='word_1_76' title='bbox 1268 488 1395 529; x_wconf 83' lang='lat' dir='ltr'>quibus</span> <span class='ocrx_word' id='word_1_77' title='bbox 1411 485 1458 526; x_wconf 67' lang='lat' dir='ltr'>cll</span> <span class='ocrx_word' id='word_1_78' title='bbox 1475 487 1672 520; x_wconf 71' lang='lat' dir='ltr'>Pausanias</span> <span class='ocrx_word' id='word_1_79' title='bbox 1685 487 1721 529; x_wconf 87' lang='grc'>2,</span> <span class='ocrx_word' id='word_1_80' title='bbox 1735 488 1792 530; x_wconf 75' lang='lat'>5⁶,</span> <span class='ocrx_word' id='word_1_81' title='bbox 1805 486 1838 522; x_wconf 87' lang='grc'>7.</span> 
     </span>
     <span class='ocr_line' id='line_1_8' title="bbox 135 541 1841 586; baseline -0.001 -8"><span class='ocrx_word' id='word_1_82' title='bbox 135 546 170 584; x_wconf 91' lang='grc'>2,</span> <span class='ocrx_word' id='word_1_83' title='bbox 193 544 248 584; x_wconf 78' lang='lat'>57,</span> <span class='ocrx_word' id='word_1_84' title='bbox 265 545 298 577; x_wconf 93' lang='grc'>2.</span> <span class='ocrx_word' id='word_1_85' title='bbox 322 545 356 585; x_wconf 85' lang='grc'>8,</span> <span class='ocrx_word' id='word_1_86' title='bbox 372 544 425 585; x_wconf 81' lang='grc'><strong><em>45,</em></strong></span> <span class='ocrx_word' id='word_1_87' title='bbox 440 544 471 577; x_wconf 90' lang='grc'>9.</span> <span class='ocrx_word' id='word_1_88' title='bbox 512 542 635 575; x_wconf 82' lang='lat' dir='ltr'>Kaibel</span> <span class='ocrx_word' id='word_1_89' title='bbox 658 553 710 585; x_wconf 89' lang='lat' dir='ltr'>ep.</span> <span class='ocrx_word' id='word_1_90' title='bbox 738 541 796 576; x_wconf 82' lang='lat' dir='ltr'>Gr.</span> <span class='ocrx_word' id='word_1_91' title='bbox 820 543 895 576; x_wconf 86' lang='grc'>866.</span> <span class='ocrx_word' id='word_1_92' title='bbox 941 542 996 575; x_wconf 86' lang='grc' dir='ltr'>Εα</span> <span class='ocrx_word' id='word_1_93' title='bbox 1027 545 1104 585; x_wconf 83' lang='lat' dir='ltr'>ipsa</span> <span class='ocrx_word' id='word_1_94' title='bbox 1136 545 1252 576; x_wconf 83' lang='lat' dir='ltr'>aetate</span> <span class='ocrx_word' id='word_1_95' title='bbox 1281 554 1351 585; x_wconf 84' lang='lat' dir='ltr'>qua</span> <span class='ocrx_word' id='word_1_96' title='bbox 1380 544 1439 576; x_wconf 74' lang='lat' dir='ltr'>hie</span> <span class='ocrx_word' id='word_1_97' title='bbox 1461 543 1586 576; x_wconf 71' lang='lat' dir='ltr'>titislus</span> <span class='ocrx_word' id='word_1_98' title='bbox 1608 545 1764 586; x_wconf 82' lang='lat' dir='ltr'>scriptus</span> <span class='ocrx_word' id='word_1_99' title='bbox 1787 546 1841 576; x_wconf 80' lang='lat' dir='ltr'>est</span> 
     </span>
     <span class='ocr_line' id='line_1_9' title="bbox 135 594 1839 646; baseline 0 -13"><span class='ocrx_word' id='word_1_100' title='bbox 135 603 353 633; x_wconf 77' lang='lat' dir='ltr'>memoratur</span> <span class='ocrx_word' id='word_1_101' title='bbox 383 594 404 634; x_wconf 84' lang='grc' dir='ltr'>ὁ</span> <span class='ocrx_word' id='word_1_102' title='bbox 433 594 500 644; x_wconf 83' lang='grc' dir='ltr'>τὴν</span> <span class='ocrx_word' id='word_1_103' title='bbox 525 597 677 646; x_wconf 81' lang='grc' dir='ltr'><strong><em>Λέρναν</em></strong></span> <span class='ocrx_word' id='word_1_104' title='bbox 705 597 878 644; x_wconf 84' lang='grc' dir='ltr'><strong><em>κατέχων</em></strong></span> <span class='ocrx_word' id='word_1_105' title='bbox 904 594 1051 644; x_wconf 77' lang='grc' dir='ltr'><strong><em>Ἴακχος</em></strong></span> <span class='ocrx_word' id='word_1_106' title='bbox 1082 610 1104 632; x_wconf 91' lang='lat' dir='ltr'>a</span> <span class='ocrx_word' id='word_1_107' title='bbox 1136 599 1288 632; x_wconf 80' lang='lat' dir='ltr'>Libanio</span> <span class='ocrx_word' id='word_1_108' title='bbox 1313 610 1383 643; x_wconf 83' lang='lat' dir='ltr'>pro</span> <span class='ocrx_word' id='word_1_109' title='bbox 1413 599 1653 643; x_wconf 76' lang='lat' dir='ltr'>Aristophane</span> <span class='ocrx_word' id='word_1_110' title='bbox 1676 598 1702 633; x_wconf 83' lang='lat' dir='ltr'><em>I</em></span> <span class='ocrx_word' id='word_1_111' title='bbox 1714 610 1750 643; x_wconf 85' lang='lat' dir='ltr'>p.</span> <span class='ocrx_word' id='word_1_112' title='bbox 1772 599 1839 634; x_wconf 73' lang='lat'>427</span> 
     </span>
     <span class='ocr_line' id='line_1_10' title="bbox 137 655 1838 698; baseline 0.001 -9"><span class='ocrx_word' id='word_1_113' title='bbox 137 656 251 690; x_wconf 76' lang='lat' dir='ltr'>Reislc.</span> <span class='ocrx_word' id='word_1_114' title='bbox 276 675 316 679; x_wconf 89' lang='lat'><em>-</em></span> <span class='ocrx_word' id='word_1_115' title='bbox 345 657 377 696; x_wconf 85' lang='lat'>3)</span> <span class='ocrx_word' id='word_1_116' title='bbox 402 655 559 688; x_wconf 82' lang='lat' dir='ltr'>Dubium</span> <span class='ocrx_word' id='word_1_117' title='bbox 582 666 667 688; x_wconf 81' lang='lat' dir='ltr'>num</span> <span class='ocrx_word' id='word_1_118' title='bbox 691 658 785 688; x_wconf 84' lang='lat' dir='ltr'>recte</span> <span class='ocrx_word' id='word_1_119' title='bbox 808 658 993 698; x_wconf 77' lang='lat' dir='ltr'>exceptum</span> <span class='ocrx_word' id='word_1_120' title='bbox 1016 657 1066 688; x_wconf 77' lang='lat' dir='ltr'>sit</span> <span class='ocrx_word' id='word_1_121' title='bbox 1087 656 1297 689; x_wconf 81' lang='lat' dir='ltr'>vocabulum</span> <span class='ocrx_word' id='word_1_122' title='bbox 1305 668 1320 698; x_wconf 88' lang='lat'>‚·</span> <span class='ocrx_word' id='word_1_123' title='bbox 1341 656 1404 689; x_wconf 85' lang='lat' dir='ltr'>sed</span> <span class='ocrx_word' id='word_1_124' title='bbox 1426 655 1474 696; x_wconf 78' lang='lat' dir='ltr'>cf.</span> <span class='ocrx_word' id='word_1_125' title='bbox 1491 657 1540 690; x_wconf 88' lang='lat' dir='ltr'>ad</span> <span class='ocrx_word' id='word_1_126' title='bbox 1557 656 1592 691; x_wconf 85' lang='lat' dir='ltr'>G.</span> <span class='ocrx_word' id='word_1_127' title='bbox 1613 656 1702 691; x_wconf 89' lang='lat' dir='ltr'><em>VIII</em></span> <span class='ocrx_word' id='word_1_128' title='bbox 1721 656 1838 691; x_wconf 74' lang='lat'>40564.</span> 
     </span>
    </p>
   </div>
   <div class='ocr_carea' id='block_1_4' title="bbox 136 745 1840 1074">
    <p class='ocr_par' dir='ltr' id='par_1_5' title="bbox 136 745 1840 1074">
     <span class='ocr_line' id='line_1_11' title="bbox 250 745 1838 802; baseline -0.003 -10"><span class='ocrx_word' id='word_1_129' title='bbox 250 745 358 792; x_wconf 75' lang='grc'>1261</span> <span class='ocrx_word' id='word_1_130' title='bbox 406 747 557 787; x_wconf 84' lang='lat' dir='ltr'>Coeliae</span> <span class='ocrx_word' id='word_1_131' title='bbox 579 747 834 795; x_wconf 77' lang='lat' dir='ltr'>Concordiae,</span> <span class='ocrx_word' id='word_1_132' title='bbox 856 747 994 800; x_wconf 85' lang='lat' dir='ltr'>virgini</span> <span class='ocrx_word' id='word_1_133' title='bbox 1013 746 1018 798; x_wconf 98' lang='grc' dir='ltr'>Ι</span> <span class='ocrx_word' id='word_1_134' title='bbox 1037 748 1176 788; x_wconf 86' lang='lat' dir='ltr'>Vestali</span> <span class='ocrx_word' id='word_1_135' title='bbox 1198 749 1398 798; x_wconf 86' lang='lat' dir='ltr'>maximae,</span> <span class='ocrx_word' id='word_1_136' title='bbox 1421 748 1539 788; x_wconf 86' lang='lat' dir='ltr'>Fabia</span> <span class='ocrx_word' id='word_1_137' title='bbox 1559 747 1732 802; x_wconf 66' lang='lat' dir='ltr'>Paquina</span> <span class='ocrx_word' id='word_1_138' title='bbox 1755 761 1790 788; x_wconf 87' lang='lat' dir='ltr'>c.</span> <span class='ocrx_word' id='word_1_139' title='bbox 1811 749 1838 788; x_wconf 82' lang='lat' dir='ltr'>f.</span> 
     </span>
     <span class='ocr_line' id='line_1_12' title="bbox 137 813 1840 871; baseline 0.001 -15"><span class='ocrx_word' id='word_1_140' title='bbox 137 821 302 856; x_wconf 79' lang='lat' dir='ltr'>statuam</span> <span class='ocrx_word' id='word_1_141' title='bbox 324 813 550 870; x_wconf 69' lang='lat' dir='ltr'>facienldam</span> <span class='ocrx_word' id='word_1_142' title='bbox 581 816 945 867; x_wconf 90' lang='lat' dir='ltr'>conlocandamque</span> <span class='ocrx_word' id='word_1_143' title='bbox 971 813 977 868; x_wconf 99' lang='grc' dir='ltr'>Ι</span> <span class='ocrx_word' id='word_1_144' title='bbox 1005 817 1164 863; x_wconf 88' lang='lat' dir='ltr'>curavit,</span> <span class='ocrx_word' id='word_1_145' title='bbox 1196 829 1284 856; x_wconf 89' lang='lat' dir='ltr'>cum</span> <span class='ocrx_word' id='word_1_146' title='bbox 1307 822 1472 869; x_wconf 87' lang='lat' dir='ltr'>propter</span> <span class='ocrx_word' id='word_1_147' title='bbox 1496 814 1504 871; x_wconf 98' lang='grc' dir='ltr'>Ι</span> <span class='ocrx_word' id='word_1_148' title='bbox 1530 817 1726 869; x_wconf 83' lang='lat' dir='ltr'>egregiam</span> <span class='ocrx_word' id='word_1_149' title='bbox 1755 816 1840 857; x_wconf 87' lang='lat' dir='ltr'>eius</span> 
     </span>
     <span class='ocr_line' id='line_1_13' title="bbox 136 881 1837 939; baseline -0.001 -15"><span class='ocrx_word' id='word_1_150' title='bbox 136 881 373 938; x_wconf 67' lang='lat' dir='ltr'>pudiciltiam</span> <span class='ocrx_word' id='word_1_151' title='bbox 404 883 678 934; x_wconf 83' lang='lat' dir='ltr'>insignemque</span> <span class='ocrx_word' id='word_1_152' title='bbox 704 883 710 936; x_wconf 95' lang='grc' dir='ltr'>Ι</span> <span class='ocrx_word' id='word_1_153' title='bbox 737 884 840 923; x_wconf 88' lang='lat' dir='ltr'>circa</span> <span class='ocrx_word' id='word_1_154' title='bbox 871 884 1019 923; x_wconf 87' lang='lat' dir='ltr'>cultum</span> <span class='ocrx_word' id='word_1_155' title='bbox 1051 884 1224 924; x_wconf 90' lang='lat' dir='ltr'>divinum</span> <span class='ocrx_word' id='word_1_156' title='bbox 1252 885 1258 936; x_wconf 92' lang='grc' dir='ltr'>Ι</span> <span class='ocrx_word' id='word_1_157' title='bbox 1284 885 1542 931; x_wconf 81' lang='lat' dir='ltr'>sanctitatem,</span> <span class='ocrx_word' id='word_1_158' title='bbox 1578 892 1663 924; x_wconf 91' lang='lat' dir='ltr'>tum</span> <span class='ocrx_word' id='word_1_159' title='bbox 1693 884 1799 936; x_wconf 90' lang='lat' dir='ltr'>quod</span> <span class='ocrx_word' id='word_1_160' title='bbox 1830 881 1837 939; x_wconf 95' lang='grc' dir='ltr'>Ι</span> 
     </span>
     <span class='ocr_line' id='line_1_14' title="bbox 137 949 1838 1006; baseline 0.001 -15"><span class='ocrx_word' id='word_1_161' title='bbox 137 952 234 992; x_wconf 87' lang='lat' dir='ltr'>haec</span> <span class='ocrx_word' id='word_1_162' title='bbox 272 952 381 1005; x_wconf 86' lang='lat' dir='ltr'>prior</span> <span class='ocrx_word' id='word_1_163' title='bbox 411 951 494 990; x_wconf 92' lang='lat' dir='ltr'>eius</span> <span class='ocrx_word' id='word_1_164' title='bbox 524 951 605 989; x_wconf 87' lang='lat' dir='ltr'>viro</span> <span class='ocrx_word' id='word_1_165' title='bbox 632 951 637 1002; x_wconf 92' lang='grc' dir='ltr'>Ι</span> <span class='ocrx_word' id='word_1_166' title='bbox 666 951 792 990; x_wconf 88' lang='lat' dir='ltr'>Vettio</span> <span class='ocrx_word' id='word_1_167' title='bbox 822 951 968 1003; x_wconf 86' lang='lat' dir='ltr'>Agorio</span> <span class='ocrx_word' id='word_1_168' title='bbox 998 951 1255 1006; x_wconf 68' lang='lat' dir='ltr'>Praetextalto</span> <span class='ocrx_word' id='word_1_169' title='bbox 1287 965 1319 991; x_wconf 93' lang='lat' dir='ltr'>v.</span> <span class='ocrx_word' id='word_1_170' title='bbox 1351 965 1406 1000; x_wconf 89' lang='lat' dir='ltr'>c.‚</span> <span class='ocrx_word' id='word_1_171' title='bbox 1448 952 1579 992; x_wconf 90' lang='lat' dir='ltr'>omnia</span> <span class='ocrx_word' id='word_1_172' title='bbox 1609 952 1799 1004; x_wconf 85' lang='lat' dir='ltr'>singulari</span> <span class='ocrx_word' id='word_1_173' title='bbox 1831 949 1838 1006; x_wconf 96' lang='grc' dir='ltr'>Ι</span> 
     </span>
     <span class='ocr_line' id='line_1_15' title="bbox 139 1016 1838 1074; baseline 0.001 -15"><span class='ocrx_word' id='word_1_174' title='bbox 139 1020 338 1072; x_wconf 88' lang='lat' dir='ltr'>dignoque</span> <span class='ocrx_word' id='word_1_175' title='bbox 376 1018 491 1059; x_wconf 88' lang='lat' dir='ltr'>etiam</span> <span class='ocrx_word' id='word_1_176' title='bbox 532 1018 580 1057; x_wconf 91' lang='lat' dir='ltr'>ab</span> <span class='ocrx_word' id='word_1_177' title='bbox 619 1016 855 1072; x_wconf 73' lang='lat' dir='ltr'>huiuslmodi</span> <span class='ocrx_word' id='word_1_178' title='bbox 885 1018 1103 1070; x_wconf 86' lang='lat' dir='ltr'>virginibus</span> <span class='ocrx_word' id='word_1_179' title='bbox 1133 1025 1171 1059; x_wconf 90' lang='lat' dir='ltr'>et</span> <span class='ocrx_word' id='word_1_180' title='bbox 1201 1017 1480 1074; x_wconf 66' lang='lat' dir='ltr'>salcerdotihus</span> <span class='ocrx_word' id='word_1_181' title='bbox 1509 1020 1583 1060; x_wconf 90' lang='lat' dir='ltr'>coli</span> <span class='ocrx_word' id='word_1_182' title='bbox 1597 1021 1622 1069; x_wconf 86' lang='lat'>¹,</span> <span class='ocrx_word' id='word_1_183' title='bbox 1660 1018 1838 1072; x_wconf 76' lang='lat' dir='ltr'>statulam</span> 
     </span>
    </p>
   </div>
   <div class='ocr_carea' id='block_1_5' title="bbox 140 1087 377 1127">
    <p class='ocr_par' dir='ltr' id='par_1_6' title="bbox 140 1087 377 1127">
     <span class='ocr_line' id='line_1_16' title="bbox 140 1087 377 1127; baseline -0.004 0"><span class='ocrx_word' id='word_1_184' title='bbox 140 1087 377 1127; x_wconf 87' lang='lat' dir='ltr'>conlocarat.</span> 
     </span>
    </p>
   </div>
   <div class='ocr_carea' id='block_1_6' title="bbox 137 1152 1841 1477">
    <p class='ocr_par' dir='ltr' id='par_1_7' title="bbox 137 1152 1841 1477">
     <span class='ocr_line' id='line_1_17' title="bbox 252 1152 1839 1197; baseline 0.002 -13"><span class='ocrx_word' id='word_1_185' title='bbox 252 1152 381 1186; x_wconf 80' lang='lat' dir='ltr'>Romae</span> <span class='ocrx_word' id='word_1_186' title='bbox 412 1162 485 1195; x_wconf 85' lang='lat' dir='ltr'>rep.</span> <span class='ocrx_word' id='word_1_187' title='bbox 518 1154 556 1184; x_wconf 89' lang='lat' dir='ltr'>in</span> <span class='ocrx_word' id='word_1_188' title='bbox 587 1157 704 1185; x_wconf 84' lang='lat' dir='ltr'>monte</span> <span class='ocrx_word' id='word_1_189' title='bbox 733 1153 941 1195; x_wconf 81' lang='lat' dir='ltr'>Esquilino,</span> <span class='ocrx_word' id='word_1_190' title='bbox 971 1154 1035 1185; x_wconf 82' lang='lat' dir='ltr'>uhi</span> <span class='ocrx_word' id='word_1_191' title='bbox 1065 1154 1171 1185; x_wconf 87' lang='lat' dir='ltr'>etiam</span> <span class='ocrx_word' id='word_1_192' title='bbox 1202 1153 1305 1185; x_wconf 82' lang='lat' dir='ltr'>aedes</span> <span class='ocrx_word' id='word_1_193' title='bbox 1331 1153 1553 1186; x_wconf 76' lang='lat' dir='ltr'>Praetextati</span> <span class='ocrx_word' id='word_1_194' title='bbox 1585 1153 1687 1197; x_wconf 81' lang='lat' dir='ltr'>(teste</span> <span class='ocrx_word' id='word_1_195' title='bbox 1716 1154 1839 1195; x_wconf 80' lang='lat' dir='ltr'>fistula</span> 
     </span>
     <span class='ocr_line' id='line_1_18' title="bbox 137 1207 1840 1254; baseline 0.001 -12"><span class='ocrx_word' id='word_1_196' title='bbox 137 1209 315 1252; x_wconf 81' lang='lat' dir='ltr'>plumbea,</span> <span class='ocrx_word' id='word_1_197' title='bbox 342 1210 436 1242; x_wconf 81' lang='lat' dir='ltr'>edita</span> <span class='ocrx_word' id='word_1_198' title='bbox 460 1209 554 1242; x_wconf 82' lang='lat' dir='ltr'>Ball.</span> <span class='ocrx_word' id='word_1_199' title='bbox 577 1211 747 1253; x_wconf 81' lang='lat' dir='ltr'>municip.</span> <span class='ocrx_word' id='word_1_200' title='bbox 763 1210 786 1243; x_wconf 90' lang='grc'><strong><em>2</em></strong></span> <span class='ocrx_word' id='word_1_201' title='bbox 806 1220 844 1252; x_wconf 88' lang='lat' dir='ltr'>p.</span> <span class='ocrx_word' id='word_1_202' title='bbox 858 1209 920 1251; x_wconf 75' lang='lat'>58)</span> <span class='ocrx_word' id='word_1_203' title='bbox 945 1207 1056 1248; x_wconf 81' lang='lat' dir='ltr'>fuisse</span> <span class='ocrx_word' id='word_1_204' title='bbox 1080 1211 1219 1241; x_wconf 80' lang='lat' dir='ltr'>constat</span> <span class='ocrx_word' id='word_1_205' title='bbox 1243 1209 1314 1248; x_wconf 90' lang='lat' dir='ltr'>(VI</span> <span class='ocrx_word' id='word_1_206' title='bbox 1332 1210 1421 1243; x_wconf 72' lang='grc'><strong><em>2445</em></strong></span> <span class='ocrx_word' id='word_1_207' title='bbox 1444 1210 1634 1253; x_wconf 77' lang='lat' dir='ltr'>aliquoties</span> <span class='ocrx_word' id='word_1_208' title='bbox 1662 1210 1840 1254; x_wconf 55' lang='lat' dir='ltr'>descripta</span> 
     </span>
     <span class='ocr_line' id='line_1_19' title="bbox 139 1264 1838 1310; baseline 0.001 -11"><span class='ocrx_word' id='word_1_209' title='bbox 139 1277 171 1300; x_wconf 89' lang='lat' dir='ltr'>a.</span> <span class='ocrx_word' id='word_1_210' title='bbox 195 1266 279 1299; x_wconf 76' lang='grc'><strong><em>4594</em></strong></span> <span class='ocrx_word' id='word_1_211' title='bbox 313 1276 382 1308; x_wconf 83' lang='lat' dir='ltr'>quo</span> <span class='ocrx_word' id='word_1_212' title='bbox 413 1269 555 1308; x_wconf 83' lang='lat' dir='ltr'>reperta</span> <span class='ocrx_word' id='word_1_213' title='bbox 584 1268 660 1307; x_wconf 69' lang='lat' dir='ltr'>est).</span> <span class='ocrx_word' id='word_1_214' title='bbox 685 1285 729 1291; x_wconf 94' lang='lat'>—</span> <span class='ocrx_word' id='word_1_215' title='bbox 755 1268 785 1306; x_wconf 88' lang='lat'>1)</span> <span class='ocrx_word' id='word_1_216' title='bbox 812 1264 1036 1305; x_wconf 75' lang='lat' dir='ltr'>Confer-enda</span> <span class='ocrx_word' id='word_1_217' title='bbox 1062 1268 1113 1297; x_wconf 82' lang='lat' dir='ltr'>est</span> <span class='ocrx_word' id='word_1_218' title='bbox 1141 1266 1293 1308; x_wconf 82' lang='lat' dir='ltr'>epistula</span> <span class='ocrx_word' id='word_1_219' title='bbox 1318 1266 1523 1309; x_wconf 76' lang='lat' dir='ltr'>Symmachi</span> <span class='ocrx_word' id='word_1_220' title='bbox 1544 1267 1580 1306; x_wconf 90' lang='grc'>2,</span> <span class='ocrx_word' id='word_1_221' title='bbox 1602 1267 1667 1308; x_wconf 75' lang='lat'>56,</span> <span class='ocrx_word' id='word_1_222' title='bbox 1698 1277 1744 1299; x_wconf 72' lang='lat' dir='ltr'>esc</span> <span class='ocrx_word' id='word_1_223' title='bbox 1768 1277 1838 1310; x_wconf 79' lang='lat' dir='ltr'>qua</span> 
     </span>
     <span class='ocr_line' id='line_1_20' title="bbox 139 1322 1840 1364; baseline 0 -9"><span class='ocrx_word' id='word_1_224' title='bbox 139 1322 324 1364; x_wconf 78' lang='lat' dir='ltr'>colligitur</span> <span class='ocrx_word' id='word_1_225' title='bbox 338 1323 497 1364; x_wconf 81' lang='lat' dir='ltr'>virgines</span> <span class='ocrx_word' id='word_1_226' title='bbox 515 1322 669 1356; x_wconf 76' lang='lat' dir='ltr'>Vestales</span> <span class='ocrx_word' id='word_1_227' title='bbox 684 1322 836 1355; x_wconf 79' lang='lat' dir='ltr'>voluisse</span> <span class='ocrx_word' id='word_1_228' title='bbox 851 1325 1005 1354; x_wconf 82' lang='lat' dir='ltr'>statuam</span> <span class='ocrx_word' id='word_1_229' title='bbox 1022 1322 1142 1354; x_wconf 82' lang='lat' dir='ltr'>dicare</span> <span class='ocrx_word' id='word_1_230' title='bbox 1156 1322 1394 1363; x_wconf 73' lang='lat' dir='ltr'>Praetextato,</span> <span class='ocrx_word' id='word_1_231' title='bbox 1412 1323 1738 1356; x_wconf 76' lang='lat' dir='ltr'>contradicentibus</span> <span class='ocrx_word' id='word_1_232' title='bbox 1752 1333 1840 1356; x_wconf 89' lang='lat' dir='ltr'>non-</span> 
     </span>
     <span class='ocr_line' id='line_1_21' title="bbox 139 1378 1841 1422; baseline 0.001 -11"><span class='ocrx_word' id='word_1_233' title='bbox 139 1379 258 1421; x_wconf 74' lang='lat' dir='ltr'>nullis,</span> <span class='ocrx_word' id='word_1_234' title='bbox 276 1381 313 1411; x_wconf 86' lang='lat' dir='ltr'>in</span> <span class='ocrx_word' id='word_1_235' title='bbox 330 1380 384 1411; x_wconf 76' lang='lat' dir='ltr'>his</span> <span class='ocrx_word' id='word_1_236' title='bbox 401 1378 624 1422; x_wconf 75' lang='lat' dir='ltr'>Symmacho.</span> <span class='ocrx_word' id='word_1_237' title='bbox 660 1380 819 1421; x_wconf 74' lang='lat' dir='ltr'>Apparet</span> <span class='ocrx_word' id='word_1_238' title='bbox 832 1380 958 1411; x_wconf 81' lang='lat' dir='ltr'>vicisse</span> <span class='ocrx_word' id='word_1_239' title='bbox 969 1379 1180 1411; x_wconf 78' lang='lat' dir='ltr'>sententiam</span> <span class='ocrx_word' id='word_1_240' title='bbox 1195 1378 1410 1422; x_wconf 77' lang='lat' dir='ltr'>Symmachi,</span> <span class='ocrx_word' id='word_1_241' title='bbox 1426 1382 1459 1412; x_wconf 85' lang='lat' dir='ltr'>et</span> <span class='ocrx_word' id='word_1_242' title='bbox 1476 1381 1650 1422; x_wconf 78' lang='lat' dir='ltr'>virginem</span> <span class='ocrx_word' id='word_1_243' title='bbox 1666 1378 1841 1413; x_wconf 75' lang='lat' dir='ltr'>Vestalem</span> 
     </span>
     <span class='ocr_line' id='line_1_22' title="bbox 141 1435 1147 1477; baseline 0 -10"><span class='ocrx_word' id='word_1_244' title='bbox 141 1437 337 1468; x_wconf 69' lang='lat' dir='ltr'>mamimam</span> <span class='ocrx_word' id='word_1_245' title='bbox 360 1437 435 1467; x_wconf 76' lang='lat' dir='ltr'>suis</span> <span class='ocrx_word' id='word_1_246' title='bbox 457 1435 654 1477; x_wconf 75' lang='lat' dir='ltr'>smnptibus</span> <span class='ocrx_word' id='word_1_247' title='bbox 677 1438 831 1468; x_wconf 76' lang='lat' dir='ltr'>statuam</span> <span class='ocrx_word' id='word_1_248' title='bbox 856 1435 955 1467; x_wconf 85' lang='lat' dir='ltr'>illam</span> <span class='ocrx_word' id='word_1_249' title='bbox 975 1436 1147 1477; x_wconf 75' lang='lat' dir='ltr'>posuisse.</span> 
     </span>
    </p>
   </div>
   <div class='ocr_carea' id='block_1_7' title="bbox 142 1523 1842 1988">
    <p class='ocr_par' dir='ltr' id='par_1_8' title="bbox 142 1523 1842 1988">
     <span class='ocr_line' id='line_1_23' title="bbox 254 1523 1839 1581; baseline 0.001 -17"><span class='ocrx_word' id='word_1_250' title='bbox 254 1523 367 1570; x_wconf 76' lang='grc'>1262</span> <span class='ocrx_word' id='word_1_251' title='bbox 412 1525 615 1564; x_wconf 86' lang='lat' dir='ltr'>Auchenii.</span> <span class='ocrx_word' id='word_1_252' title='bbox 644 1526 650 1576; x_wconf 92' lang='grc' dir='ltr'>Ι</span> <span class='ocrx_word' id='word_1_253' title='bbox 678 1525 815 1564; x_wconf 86' lang='lat' dir='ltr'>Anicio</span> <span class='ocrx_word' id='word_1_254' title='bbox 837 1526 1040 1565; x_wconf 86' lang='lat' dir='ltr'>Auchenio</span> <span class='ocrx_word' id='word_1_255' title='bbox 1061 1525 1204 1565; x_wconf 91' lang='lat' dir='ltr'>Basso¹</span> <span class='ocrx_word' id='word_1_256' title='bbox 1226 1538 1259 1564; x_wconf 78' lang='grc' dir='ltr'>ν.</span> <span class='ocrx_word' id='word_1_257' title='bbox 1282 1538 1330 1574; x_wconf 88' lang='lat' dir='ltr'>c.‚</span> <span class='ocrx_word' id='word_1_258' title='bbox 1362 1527 1561 1578; x_wconf 84' lang='lat' dir='ltr'>quaestori</span> <span class='ocrx_word' id='word_1_259' title='bbox 1591 1527 1810 1576; x_wconf 84' lang='lat' dir='ltr'>candidato,</span> <span class='ocrx_word' id='word_1_260' title='bbox 1833 1525 1839 1581; x_wconf 96' lang='grc' dir='ltr'>Ι</span> 
     </span>
     <span class='ocr_line' id='line_1_24' title="bbox 142 1593 1842 1648; baseline 0.002 -16"><span class='ocrx_word' id='word_1_261' title='bbox 142 1606 223 1633; x_wconf 88' lang='lat' dir='ltr'>uno</span> <span class='ocrx_word' id='word_1_262' title='bbox 254 1593 471 1645; x_wconf 88' lang='lat' dir='ltr'>eodemque</span> <span class='ocrx_word' id='word_1_263' title='bbox 502 1599 681 1645; x_wconf 89' lang='lat' dir='ltr'>tempore</span> <span class='ocrx_word' id='word_1_264' title='bbox 711 1593 883 1644; x_wconf 89' lang='lat' dir='ltr'>praetori</span> <span class='ocrx_word' id='word_1_265' title='bbox 914 1593 1092 1642; x_wconf 87' lang='lat' dir='ltr'>tutelari,</span> <span class='ocrx_word' id='word_1_266' title='bbox 1129 1594 1357 1646; x_wconf 82' lang='lat' dir='ltr'>proconsuli</span> <span class='ocrx_word' id='word_1_267' title='bbox 1384 1593 1390 1647; x_wconf 96' lang='grc' dir='ltr'>Ι</span> <span class='ocrx_word' id='word_1_268' title='bbox 1417 1594 1684 1647; x_wconf 80' lang='lat' dir='ltr'>Campaniae²‚</span> <span class='ocrx_word' id='word_1_269' title='bbox 1722 1607 1842 1648; x_wconf 88' lang='lat' dir='ltr'>prae-</span> 
     </span>
     <span class='ocr_line' id='line_1_25' title="bbox 142 1659 1841 1719; baseline 0.002 -18"><span class='ocrx_word' id='word_1_270' title='bbox 142 1663 244 1701; x_wconf 88' lang='lat' dir='ltr'>fecto</span> <span class='ocrx_word' id='word_1_271' title='bbox 266 1661 368 1710; x_wconf 86' lang='lat' dir='ltr'>urbi,</span> <span class='ocrx_word' id='word_1_272' title='bbox 399 1662 493 1701; x_wconf 90' lang='lat' dir='ltr'>trini</span> <span class='ocrx_word' id='word_1_273' title='bbox 524 1661 771 1712; x_wconf 84' lang='lat' dir='ltr'>magistratus</span> <span class='ocrx_word' id='word_1_274' title='bbox 797 1659 803 1712; x_wconf 97' lang='grc' dir='ltr'>Ι</span> <span class='ocrx_word' id='word_1_275' title='bbox 830 1660 999 1712; x_wconf 85' lang='lat' dir='ltr'>insignia</span> <span class='ocrx_word' id='word_1_276' title='bbox 1030 1661 1234 1701; x_wconf 81' lang='lat' dir='ltr'>facundiae</span> <span class='ocrx_word' id='word_1_277' title='bbox 1266 1668 1304 1701; x_wconf 88' lang='lat' dir='ltr'>et</span> <span class='ocrx_word' id='word_1_278' title='bbox 1334 1662 1519 1702; x_wconf 86' lang='lat' dir='ltr'>natalium</span> <span class='ocrx_word' id='word_1_279' title='bbox 1548 1663 1724 1715; x_wconf 87' lang='lat' dir='ltr'>speciosa</span> <span class='ocrx_word' id='word_1_280' title='bbox 1751 1663 1841 1719; x_wconf 78' lang='lat' dir='ltr'>luce</span> 
     </span>
     <span class='ocr_line' id='line_1_26' title="bbox 142 1728 1841 1786; baseline 0.002 -19"><span class='ocrx_word' id='word_1_281' title='bbox 142 1730 294 1769; x_wconf 88' lang='lat' dir='ltr'>virtutis</span> <span class='ocrx_word' id='word_1_282' title='bbox 320 1728 326 1782; x_wconf 95' lang='grc' dir='ltr'>Ι</span> <span class='ocrx_word' id='word_1_283' title='bbox 354 1729 525 1776; x_wconf 88' lang='lat' dir='ltr'>ornanti,</span> <span class='ocrx_word' id='word_1_284' title='bbox 547 1729 613 1780; x_wconf 91' lang='lat' dir='ltr'>qui</span> <span class='ocrx_word' id='word_1_285' title='bbox 636 1729 848 1768; x_wconf 86' lang='lat' dir='ltr'>claritatem</span> <span class='ocrx_word' id='word_1_286' title='bbox 867 1729 1026 1780; x_wconf 86' lang='lat' dir='ltr'>generis</span> <span class='ocrx_word' id='word_1_287' title='bbox 1047 1730 1222 1781; x_wconf 89' lang='lat' dir='ltr'>paternis</span> <span class='ocrx_word' id='word_1_288' title='bbox 1241 1729 1430 1781; x_wconf 91' lang='lat' dir='ltr'>avitisque</span> <span class='ocrx_word' id='word_1_289' title='bbox 1450 1730 1639 1770; x_wconf 81' lang='lat' dir='ltr'>fastorum</span> <span class='ocrx_word' id='word_1_290' title='bbox 1659 1729 1665 1786; x_wconf 95' lang='grc' dir='ltr'>Ι</span> <span class='ocrx_word' id='word_1_291' title='bbox 1687 1731 1841 1783; x_wconf 80' lang='lat' dir='ltr'>paginis</span> 
     </span>
     <span class='ocr_line' id='line_1_27' title="bbox 143 1796 1842 1850; baseline 0.001 -13"><span class='ocrx_word' id='word_1_292' title='bbox 143 1797 376 1837; x_wconf 86' lang='lat' dir='ltr'>celebratam</span> <span class='ocrx_word' id='word_1_293' title='bbox 415 1796 703 1837; x_wconf 86' lang='lat' dir='ltr'>inimitabilium</span> <span class='ocrx_word' id='word_1_294' title='bbox 741 1797 782 1836; x_wconf 91' lang='lat' dir='ltr'>in</span> <span class='ocrx_word' id='word_1_295' title='bbox 822 1808 906 1836; x_wconf 90' lang='lat' dir='ltr'>rem</span> <span class='ocrx_word' id='word_1_296' title='bbox 945 1796 1144 1848; x_wconf 89' lang='lat' dir='ltr'>publicam</span> <span class='ocrx_word' id='word_1_297' title='bbox 1183 1796 1357 1836; x_wconf 87' lang='lat' dir='ltr'>meritor.</span> <span class='ocrx_word' id='word_1_298' title='bbox 1395 1808 1490 1848; x_wconf 87' lang='lat' dir='ltr'>prae</span> <span class='ocrx_word' id='word_1_299' title='bbox 1528 1798 1689 1850; x_wconf 86' lang='lat' dir='ltr'>propria</span> <span class='ocrx_word' id='word_1_300' title='bbox 1717 1798 1842 1839; x_wconf 86' lang='lat' dir='ltr'>laudis</span> 
     </span>
     <span class='ocr_line' id='line_1_28' title="bbox 143 1864 1839 1916; baseline 0.001 -11"><span class='ocrx_word' id='word_1_301' title='bbox 143 1866 335 1905; x_wconf 85' lang='lat' dir='ltr'>industria</span> <span class='ocrx_word' id='word_1_302' title='bbox 374 1866 542 1905; x_wconf 87' lang='lat' dir='ltr'>reddidit</span> <span class='ocrx_word' id='word_1_303' title='bbox 581 1865 795 1904; x_wconf 86' lang='lat' dir='ltr'>auctiorem</span> <span class='ocrx_word' id='word_1_304' title='bbox 832 1865 1057 1916; x_wconf 90' lang='lat' dir='ltr'>prosapiae;</span> <span class='ocrx_word' id='word_1_305' title='bbox 1097 1865 1235 1905; x_wconf 91' lang='lat' dir='ltr'>lumini</span> <span class='ocrx_word' id='word_1_306' title='bbox 1275 1876 1398 1915; x_wconf 91' lang='lat' dir='ltr'>aeque</span> <span class='ocrx_word' id='word_1_307' title='bbox 1435 1864 1580 1906; x_wconf 86' lang='lat' dir='ltr'>diserto</span> <span class='ocrx_word' id='word_1_308' title='bbox 1617 1879 1663 1906; x_wconf 89' lang='lat' dir='ltr'>ac</span> <span class='ocrx_word' id='word_1_309' title='bbox 1698 1866 1839 1915; x_wconf 86' lang='lat' dir='ltr'>nobili;</span> 
     </span>
     <span class='ocr_line' id='line_1_29' title="bbox 142 1928 1839 1988; baseline 0 -16"><span class='ocrx_word' id='word_1_310' title='bbox 142 1933 368 1985; x_wconf 86' lang='lat' dir='ltr'>provisione</span> <span class='ocrx_word' id='word_1_311' title='bbox 398 1933 571 1972; x_wconf 84' lang='lat' dir='ltr'>efficacia</span> <span class='ocrx_word' id='word_1_312' title='bbox 600 1928 762 1988; x_wconf 88' lang='lat' dir='ltr'>vigor[e]</span> <span class='ocrx_word' id='word_1_313' title='bbox 794 1932 1018 1984; x_wconf 87' lang='lat' dir='ltr'>eloquentia</span> <span class='ocrx_word' id='word_1_314' title='bbox 1048 1933 1203 1984; x_wconf 87' lang='lat' dir='ltr'>egregia</span> <span class='ocrx_word' id='word_1_315' title='bbox 1232 1932 1502 1972; x_wconf 86' lang='lat' dir='ltr'>moderatione</span> <span class='ocrx_word' id='word_1_316' title='bbox 1531 1933 1763 1985; x_wconf 84' lang='lat' dir='ltr'>praestanti;</span> <span class='ocrx_word' id='word_1_317' title='bbox 1799 1933 1839 1972; x_wconf 89' lang='lat' dir='ltr'>in</span> 
     </span>
    </p>
   </div>
   <div class='ocr_carea' id='block_1_8' title="bbox 143 2000 1514 2053">
    <p class='ocr_par' dir='ltr' id='par_1_9' title="bbox 143 2000 1514 2053">
     <span class='ocr_line' id='line_1_30' title="bbox 143 2000 1514 2053; baseline 0 -13"><span class='ocrx_word' id='word_1_318' title='bbox 143 2001 230 2052; x_wconf 90' lang='lat' dir='ltr'>ipso</span> <span class='ocrx_word' id='word_1_319' title='bbox 260 2001 357 2039; x_wconf 89' lang='lat' dir='ltr'>flore</span> <span class='ocrx_word' id='word_1_320' title='bbox 389 2001 567 2040; x_wconf 90' lang='lat' dir='ltr'>iuvenilis</span> <span class='ocrx_word' id='word_1_321' title='bbox 596 2001 732 2041; x_wconf 87' lang='lat' dir='ltr'>aetatis</span> <span class='ocrx_word' id='word_1_322' title='bbox 761 2002 914 2053; x_wconf 76' lang='lat' dir='ltr'>frugem</span> <span class='ocrx_word' id='word_1_323' title='bbox 946 2005 1121 2040; x_wconf 89' lang='lat' dir='ltr'>maturae</span> <span class='ocrx_word' id='word_1_324' title='bbox 1151 2000 1392 2040; x_wconf 86' lang='lat' dir='ltr'>auctoritatis</span> <span class='ocrx_word' id='word_1_325' title='bbox 1422 2030 1431 2039; x_wconf 92' lang='lat'>.</span> <span class='ocrx_word' id='word_1_326' title='bbox 1464 2030 1473 2039; x_wconf 95' lang='lat'>.</span> <span class='ocrx_word' id='word_1_327' title='bbox 1505 2031 1514 2040; x_wconf 94' lang='lat'>.</span> 
     </span>
    </p>
   </div>
   <div class='ocr_carea' id='block_1_9' title="bbox 143 2065 1843 2279">
    <p class='ocr_par' dir='ltr' id='par_1_10' title="bbox 143 2065 1843 2279">
     <span class='ocr_line' id='line_1_31' title="bbox 257 2065 1841 2110; baseline 0.001 -12"><span class='ocrx_word' id='word_1_328' title='bbox 257 2065 387 2099; x_wconf 88' lang='lat' dir='ltr'>Romae</span> <span class='ocrx_word' id='word_1_329' title='bbox 404 2067 475 2106; x_wconf 91' lang='lat' dir='ltr'>(VI</span> <span class='ocrx_word' id='word_1_330' title='bbox 488 2066 570 2100; x_wconf 91' lang='grc'><strong><em>4679</em></strong></span> <span class='ocrx_word' id='word_1_331' title='bbox 587 2066 740 2106; x_wconf 82' lang='lat' dir='ltr'>fortasse</span> <span class='ocrx_word' id='word_1_332' title='bbox 755 2077 828 2100; x_wconf 86' lang='lat' dir='ltr'>non</span> <span class='ocrx_word' id='word_1_333' title='bbox 842 2068 924 2110; x_wconf 84' lang='lat' dir='ltr'>plus</span> <span class='ocrx_word' id='word_1_334' title='bbox 939 2066 1046 2099; x_wconf 84' lang='lat' dir='ltr'>semel</span> <span class='ocrx_word' id='word_1_335' title='bbox 1060 2066 1237 2108; x_wconf 75' lang='lat' dir='ltr'>descripta</span> <span class='ocrx_word' id='word_1_336' title='bbox 1253 2077 1343 2100; x_wconf 84' lang='lat' dir='ltr'>saec.</span> <span class='ocrx_word' id='word_1_337' title='bbox 1359 2066 1470 2107; x_wconf 88' lang='lat' dir='ltr'><em>XVI).</em></span> <span class='ocrx_word' id='word_1_338' title='bbox 1486 2085 1532 2091; x_wconf 88' lang='lat'>-—</span> <span class='ocrx_word' id='word_1_339' title='bbox 1557 2067 1591 2108; x_wconf 88' lang='lat'>1)</span> <span class='ocrx_word' id='word_1_340' title='bbox 1612 2066 1667 2100; x_wconf 86' lang='lat' dir='ltr'>De</span> <span class='ocrx_word' id='word_1_341' title='bbox 1681 2068 1748 2100; x_wconf 79' lang='grc' dir='ltr'><strong><em>Ιιοο</em></strong></span> <span class='ocrx_word' id='word_1_342' title='bbox 1762 2068 1841 2100; x_wconf 85' lang='lat' dir='ltr'>viro</span> 
     </span>
     <span class='ocr_line' id='line_1_32' title="bbox 146 2121 1843 2166; baseline 0 -10"><span class='ocrx_word' id='word_1_343' title='bbox 146 2121 192 2162; x_wconf 79' lang='lat' dir='ltr'>cf.</span> <span class='ocrx_word' id='word_1_344' title='bbox 212 2122 319 2156; x_wconf 78' lang='lat' dir='ltr'>Seeck</span> <span class='ocrx_word' id='word_1_345' title='bbox 335 2123 466 2166; x_wconf 78' lang='lat' dir='ltr'>Symm.</span> <span class='ocrx_word' id='word_1_346' title='bbox 482 2134 517 2166; x_wconf 87' lang='lat' dir='ltr'>p.</span> <span class='ocrx_word' id='word_1_347' title='bbox 534 2122 658 2163; x_wconf 90' lang='lat' dir='ltr'><em>XCIII,</em></span> <span class='ocrx_word' id='word_1_348' title='bbox 683 2127 765 2156; x_wconf 82' lang='lat' dir='ltr'>item</span> <span class='ocrx_word' id='word_1_349' title='bbox 789 2121 891 2163; x_wconf 72' lang='lat' dir='ltr'>infra</span> <span class='ocrx_word' id='word_1_350' title='bbox 908 2122 953 2156; x_wconf 91' lang='lat' dir='ltr'>N.</span> <span class='ocrx_word' id='word_1_351' title='bbox 969 2122 1070 2156; x_wconf 83' lang='grc'><strong><em>4292.</em></strong></span> <span class='ocrx_word' id='word_1_352' title='bbox 1086 2142 1131 2147; x_wconf 85' lang='grc'>-</span> <span class='ocrx_word' id='word_1_353' title='bbox 1151 2123 1184 2164; x_wconf 85' lang='grc'>2)</span> <span class='ocrx_word' id='word_1_354' title='bbox 1200 2123 1397 2156; x_wconf 83' lang='lat' dir='ltr'>Proconsul</span> <span class='ocrx_word' id='word_1_355' title='bbox 1414 2122 1629 2166; x_wconf 82' lang='lat' dir='ltr'>Campaniae</span> <span class='ocrx_word' id='word_1_356' title='bbox 1651 2122 1726 2163; x_wconf 78' lang='lat' dir='ltr'>fuit</span> <span class='ocrx_word' id='word_1_357' title='bbox 1748 2125 1843 2156; x_wconf 80' lang='lat' dir='ltr'>inter·</span> 
     </span>
     <span class='ocr_line' id='line_1_33' title="bbox 146 2179 1841 2222; baseline 0.001 -11"><span class='ocrx_word' id='word_1_358' title='bbox 146 2189 177 2212; x_wconf 90' lang='lat' dir='ltr'>a.</span> <span class='ocrx_word' id='word_1_359' title='bbox 194 2180 260 2213; x_wconf 77' lang='lat'>579</span> <span class='ocrx_word' id='word_1_360' title='bbox 277 2183 309 2212; x_wconf 82' lang='lat' dir='ltr'>et</span> <span class='ocrx_word' id='word_1_361' title='bbox 324 2180 394 2213; x_wconf 78' lang='grc'>582</span> <span class='ocrx_word' id='word_1_362' title='bbox 419 2179 469 2220; x_wconf 83' lang='grc' dir='ltr'>(Χ</span> <span class='ocrx_word' id='word_1_363' title='bbox 479 2181 591 2222; x_wconf 80' lang='grc'><strong><em>6656).</em></strong></span> <span class='ocrx_word' id='word_1_364' title='bbox 632 2180 827 2212; x_wconf 70' lang='lat' dir='ltr'>Ptoconsul</span> <span class='ocrx_word' id='word_1_365' title='bbox 842 2190 907 2212; x_wconf 84' lang='lat' dir='ltr'>cur</span> <span class='ocrx_word' id='word_1_366' title='bbox 923 2179 1040 2212; x_wconf 80' lang='lat' dir='ltr'>dictus</span> <span class='ocrx_word' id='word_1_367' title='bbox 1054 2180 1112 2219; x_wconf 84' lang='lat' dir='ltr'>sit,</span> <span class='ocrx_word' id='word_1_368' title='bbox 1136 2189 1208 2212; x_wconf 85' lang='lat' dir='ltr'>non</span> <span class='ocrx_word' id='word_1_369' title='bbox 1226 2179 1438 2221; x_wconf 76' lang='lat' dir='ltr'>consularis,</span> <span class='ocrx_word' id='word_1_370' title='bbox 1461 2181 1636 2222; x_wconf 73' lang='lat' dir='ltr'>quaesivit.</span> <span class='ocrx_word' id='word_1_371' title='bbox 1651 2179 1841 2213; x_wconf 83' lang='lat' dir='ltr'>Mommsen</span> 
     </span>
     <span class='ocr_line' id='line_1_34' title="bbox 143 2236 653 2279; baseline 0.004 -12"><span class='ocrx_word' id='word_1_372' title='bbox 143 2245 242 2269; x_wconf 82' lang='lat' dir='ltr'>mem.</span> <span class='ocrx_word' id='word_1_373' title='bbox 268 2236 348 2268; x_wconf 87' lang='lat' dir='ltr'>dell&#39;</span> <span class='ocrx_word' id='word_1_374' title='bbox 370 2236 455 2269; x_wconf 78' lang='lat' dir='ltr'>Jnst.</span> <span class='ocrx_word' id='word_1_375' title='bbox 479 2237 503 2269; x_wconf 89' lang='grc'><strong><em>2</em></strong></span> <span class='ocrx_word' id='word_1_376' title='bbox 526 2247 559 2279; x_wconf 88' lang='lat' dir='ltr'>p.</span> <span class='ocrx_word' id='word_1_377' title='bbox 578 2236 653 2270; x_wconf 76' lang='grc'><strong><em>544.</em></strong></span> 
     </span>
    </p>
   </div>
   <div class='ocr_carea' id='block_1_10' title="bbox 144 2290 1841 3020">
    <p class='ocr_par' dir='ltr' id='par_1_11' title="bbox 144 2290 1841 2483">
     <span class='ocr_line' id='line_1_35' title="bbox 258 2290 1840 2350; baseline -0.001 -17"><span class='ocrx_word' id='word_1_378' title='bbox 258 2292 370 2339; x_wconf 78' lang='grc'>1263</span> <span class='ocrx_word' id='word_1_379' title='bbox 413 2294 533 2334; x_wconf 88' lang='lat' dir='ltr'>Bassi.</span> <span class='ocrx_word' id='word_1_380' title='bbox 561 2293 567 2347; x_wconf 96' lang='grc' dir='ltr'>Ι</span> <span class='ocrx_word' id='word_1_381' title='bbox 607 2290 803 2350; x_wconf 83' lang='lat' dir='ltr'>Anic[i]o¹</span> <span class='ocrx_word' id='word_1_382' title='bbox 824 2293 1030 2333; x_wconf 87' lang='lat' dir='ltr'>Auchenio</span> <span class='ocrx_word' id='word_1_383' title='bbox 1048 2290 1053 2347; x_wconf 94' lang='grc' dir='ltr'>Ι</span> <span class='ocrx_word' id='word_1_384' title='bbox 1072 2292 1191 2332; x_wconf 91' lang='lat' dir='ltr'>Basso</span> <span class='ocrx_word' id='word_1_385' title='bbox 1211 2306 1246 2332; x_wconf 77' lang='lat' dir='ltr'>v,</span> <span class='ocrx_word' id='word_1_386' title='bbox 1267 2305 1315 2342; x_wconf 88' lang='lat' dir='ltr'>c.‚</span> <span class='ocrx_word' id='word_1_387' title='bbox 1345 2306 1530 2345; x_wconf 90' lang='lat' dir='ltr'>procons.</span> <span class='ocrx_word' id='word_1_388' title='bbox 1549 2291 1554 2346; x_wconf 97' lang='grc' dir='ltr'>Ι</span> <span class='ocrx_word' id='word_1_389' title='bbox 1575 2293 1719 2346; x_wconf 91' lang='lat' dir='ltr'>Camp.,</span> <span class='ocrx_word' id='word_1_390' title='bbox 1747 2305 1840 2346; x_wconf 87' lang='lat' dir='ltr'>pro-</span> 
     </span>
     <span class='ocr_line' id='line_1_36' title="bbox 144 2358 1841 2416; baseline -0.001 -15"><span class='ocrx_word' id='word_1_391' title='bbox 144 2362 262 2401; x_wconf 83' lang='lat' dir='ltr'>visori</span> <span class='ocrx_word' id='word_1_392' title='bbox 282 2359 466 2416; x_wconf 76' lang='lat' dir='ltr'>eiusldem</span> <span class='ocrx_word' id='word_1_393' title='bbox 487 2362 725 2413; x_wconf 86' lang='lat' dir='ltr'>provinciae,</span> <span class='ocrx_word' id='word_1_394' title='bbox 757 2360 983 2414; x_wconf 68' lang='lat' dir='ltr'>resltitutori</span> <span class='ocrx_word' id='word_1_395' title='bbox 1003 2361 1160 2412; x_wconf 85' lang='lat' dir='ltr'>generis</span> <span class='ocrx_word' id='word_1_396' title='bbox 1187 2362 1194 2411; x_wconf 91' lang='grc' dir='ltr'>Ι</span> <span class='ocrx_word' id='word_1_397' title='bbox 1219 2360 1459 2410; x_wconf 86' lang='lat' dir='ltr'>Aniciorum,</span> <span class='ocrx_word' id='word_1_398' title='bbox 1490 2360 1540 2400; x_wconf 92' lang='lat' dir='ltr'>oh</span> <span class='ocrx_word' id='word_1_399' title='bbox 1565 2361 1699 2401; x_wconf 87' lang='lat' dir='ltr'>merita</span> <span class='ocrx_word' id='word_1_400' title='bbox 1725 2358 1732 2413; x_wconf 96' lang='grc' dir='ltr'>Ι</span> <span class='ocrx_word' id='word_1_401' title='bbox 1758 2359 1841 2400; x_wconf 88' lang='lat' dir='ltr'>eius</span> 
     </span>
     <span class='ocr_line' id='line_1_37' title="bbox 146 2424 1590 2483; baseline 0.001 -16"><span class='ocrx_word' id='word_1_402' title='bbox 146 2424 379 2483; x_wconf 81' lang='lat' dir='ltr'>in[l]ustria²</span> <span class='ocrx_word' id='word_1_403' title='bbox 405 2428 411 2481; x_wconf 95' lang='grc' dir='ltr'>Ι</span> <span class='ocrx_word' id='word_1_404' title='bbox 438 2429 534 2467; x_wconf 92' lang='lat' dir='ltr'>ordo</span> <span class='ocrx_word' id='word_1_405' title='bbox 565 2429 815 2481; x_wconf 88' lang='lat' dir='ltr'>populusque</span> <span class='ocrx_word' id='word_1_406' title='bbox 845 2426 1020 2482; x_wconf 67' lang='lat' dir='ltr'>civitaltis</span> <span class='ocrx_word' id='word_1_407' title='bbox 1049 2428 1328 2468; x_wconf 83' lang='lat' dir='ltr'>Praenestinae</span> <span class='ocrx_word' id='word_1_408' title='bbox 1360 2442 1453 2480; x_wconf 87' lang='lat' dir='ltr'>pon.</span> <span class='ocrx_word' id='word_1_409' title='bbox 1484 2441 1590 2468; x_wconf 83' lang='lat' dir='ltr'>cens.</span> 
     </span>
    </p>

    <p class='ocr_par' dir='ltr' id='par_1_12' title="bbox 260 2493 1722 2537">
     <span class='ocr_line' id='line_1_38' title="bbox 260 2493 1722 2537; baseline -0.001 -11"><span class='ocrx_word' id='word_1_410' title='bbox 260 2495 446 2527; x_wconf 75' lang='lat' dir='ltr'>Praeneste</span> <span class='ocrx_word' id='word_1_411' title='bbox 468 2505 553 2537; x_wconf 68' lang='lat' dir='ltr'>rep„</span> <span class='ocrx_word' id='word_1_412' title='bbox 579 2499 630 2526; x_wconf 78' lang='lat' dir='ltr'>est</span> <span class='ocrx_word' id='word_1_413' title='bbox 654 2494 782 2528; x_wconf 79' lang='lat' dir='ltr'>Romae</span> <span class='ocrx_word' id='word_1_414' title='bbox 807 2495 911 2534; x_wconf 88' lang='lat' dir='ltr'><em>(XIV</em></span> <span class='ocrx_word' id='word_1_415' title='bbox 928 2495 1044 2536; x_wconf 83' lang='grc'><strong><em>2947).</em></strong></span> <span class='ocrx_word' id='word_1_416' title='bbox 1071 2514 1110 2518; x_wconf 87' lang='grc'>-</span> <span class='ocrx_word' id='word_1_417' title='bbox 1141 2495 1171 2536; x_wconf 88' lang='lat'>1)</span> <span class='ocrx_word' id='word_1_418' title='bbox 1196 2494 1328 2535; x_wconf 83' lang='lat' dir='ltr'>Aniclo,</span> <span class='ocrx_word' id='word_1_419' title='bbox 1375 2496 1409 2535; x_wconf 87' lang='lat'>2)</span> <span class='ocrx_word' id='word_1_420' title='bbox 1433 2494 1596 2527; x_wconf 77' lang='lat' dir='ltr'>industria</span> <span class='ocrx_word' id='word_1_421' title='bbox 1621 2493 1722 2535; x_wconf 79' lang='lat' dir='ltr'>Iapis.</span> 
     </span>
    </p>

    <p class='ocr_par' dir='ltr' id='par_1_13' title="bbox 260 2561 1603 2616">
     <span class='ocr_line' id='line_1_39' title="bbox 260 2561 1603 2616; baseline -0.005 -8"><span class='ocrx_word' id='word_1_422' title='bbox 260 2561 373 2608; x_wconf 77' lang='grc'>1264</span> <span class='ocrx_word' id='word_1_423' title='bbox 473 2564 577 2602; x_wconf 89' lang='lat' dir='ltr'>inter</span> <span class='ocrx_word' id='word_1_424' title='bbox 606 2576 696 2603; x_wconf 87' lang='lat' dir='ltr'>avos</span> <span class='ocrx_word' id='word_1_425' title='bbox 724 2576 969 2616; x_wconf 88' lang='lat' dir='ltr'>proavosque</span> <span class='ocrx_word' id='word_1_426' title='bbox 997 2571 1087 2603; x_wconf 92' lang='lat' dir='ltr'>tuos</span> <span class='ocrx_word' id='word_1_427' title='bbox 1116 2570 1373 2614; x_wconf 86' lang='lat' dir='ltr'>sanctumque</span> <span class='ocrx_word' id='word_1_428' title='bbox 1401 2568 1603 2614; x_wconf 87' lang='lat' dir='ltr'>parentem</span> 
     </span>
    </p>

    <p class='ocr_par' dir='ltr' id='par_1_14' title="bbox 476 2630 1544 2873">
     <span class='ocr_line' id='line_1_40' title="bbox 477 2630 1389 2678; baseline 0 -9"><span class='ocrx_word' id='word_1_429' title='bbox 477 2630 662 2670; x_wconf 87' lang='lat' dir='ltr'>virtutum</span> <span class='ocrx_word' id='word_1_430' title='bbox 692 2632 840 2671; x_wconf 90' lang='lat' dir='ltr'>meritis</span> <span class='ocrx_word' id='word_1_431' title='bbox 869 2639 907 2671; x_wconf 89' lang='lat' dir='ltr'>et</span> <span class='ocrx_word' id='word_1_432' title='bbox 936 2631 1154 2671; x_wconf 87' lang='lat' dir='ltr'>honoribus</span> <span class='ocrx_word' id='word_1_433' title='bbox 1184 2630 1389 2678; x_wconf 83' lang='lat' dir='ltr'>emicuisti,</span> 
     </span>
     <span class='ocr_line' id='line_1_41' title="bbox 477 2698 1544 2751; baseline 0.001 -15"><span class='ocrx_word' id='word_1_434' title='bbox 477 2704 750 2737; x_wconf 88' lang='lat' dir='ltr'>ornamentum</span> <span class='ocrx_word' id='word_1_435' title='bbox 781 2699 922 2749; x_wconf 87' lang='lat' dir='ltr'>ingens</span> <span class='ocrx_word' id='word_1_436' title='bbox 951 2699 1107 2751; x_wconf 84' lang='lat' dir='ltr'>generis</span> <span class='ocrx_word' id='word_1_437' title='bbox 1136 2698 1346 2750; x_wconf 85' lang='lat' dir='ltr'>magnique</span> <span class='ocrx_word' id='word_1_438' title='bbox 1372 2702 1544 2746; x_wconf 88' lang='lat' dir='ltr'>senatus,</span> 
     </span>
     <span class='ocr_line' id='line_1_42' title="bbox 476 2764 1461 2817; baseline -0.001 -13"><span class='ocrx_word' id='word_1_439' title='bbox 476 2765 543 2805; x_wconf 90' lang='lat' dir='ltr'>sed</span> <span class='ocrx_word' id='word_1_440' title='bbox 572 2771 707 2816; x_wconf 88' lang='lat' dir='ltr'>raptus</span> <span class='ocrx_word' id='word_1_441' title='bbox 737 2777 904 2816; x_wconf 82' lang='lat' dir='ltr'>propere</span> <span class='ocrx_word' id='word_1_442' title='bbox 934 2766 1093 2817; x_wconf 89' lang='lat' dir='ltr'>liquisti,</span> <span class='ocrx_word' id='word_1_443' title='bbox 1122 2772 1255 2806; x_wconf 88' lang='lat' dir='ltr'>sancte</span> <span class='ocrx_word' id='word_1_444' title='bbox 1285 2764 1461 2812; x_wconf 88' lang='lat' dir='ltr'>Kameni,</span> 
     </span>
     <span class='ocr_line' id='line_1_43' title="bbox 476 2831 1392 2873; baseline -0.001 -1"><span class='ocrx_word' id='word_1_445' title='bbox 476 2840 657 2873; x_wconf 88' lang='lat' dir='ltr'>aeternos</span> <span class='ocrx_word' id='word_1_446' title='bbox 686 2833 799 2872; x_wconf 84' lang='lat' dir='ltr'>fletus</span> <span class='ocrx_word' id='word_1_447' title='bbox 829 2831 967 2871; x_wconf 91' lang='lat' dir='ltr'>obiens</span> <span class='ocrx_word' id='word_1_448' title='bbox 996 2833 1237 2872; x_wconf 88' lang='lat' dir='ltr'>iuvenalibus</span> <span class='ocrx_word' id='word_1_449' title='bbox 1266 2832 1392 2872; x_wconf 89' lang='lat' dir='ltr'>annis.</span> 
     </span>
    </p>

    <p class='ocr_par' dir='ltr' id='par_1_15' title="bbox 476 2899 1519 3020">
     <span class='ocr_line' id='line_1_44' title="bbox 476 2899 1519 2951; baseline -0.002 -11"><span class='ocrx_word' id='word_1_450' title='bbox 476 2900 531 2940; x_wconf 91' lang='lat' dir='ltr'>Te</span> <span class='ocrx_word' id='word_1_451' title='bbox 561 2900 685 2940; x_wconf 88' lang='lat' dir='ltr'>dulcis</span> <span class='ocrx_word' id='word_1_452' title='bbox 714 2899 887 2939; x_wconf 85' lang='lat' dir='ltr'>coniunx</span> <span class='ocrx_word' id='word_1_453' title='bbox 917 2899 1087 2940; x_wconf 87' lang='lat' dir='ltr'>lacrimis</span> <span class='ocrx_word' id='word_1_454' title='bbox 1117 2907 1331 2951; x_wconf 87' lang='lat' dir='ltr'>noctesque</span> <span class='ocrx_word' id='word_1_455' title='bbox 1360 2899 1519 2950; x_wconf 86' lang='lat' dir='ltr'>diesque</span> 
     </span>
     <span class='ocr_line' id='line_1_45' title="bbox 478 2966 1312 3020; baseline -0.002 -12"><span class='ocrx_word' id='word_1_456' title='bbox 478 2980 566 3008; x_wconf 92' lang='lat' dir='ltr'>cum</span> <span class='ocrx_word' id='word_1_457' title='bbox 595 2967 725 3020; x_wconf 88' lang='lat' dir='ltr'>parvis</span> <span class='ocrx_word' id='word_1_458' title='bbox 753 2966 869 3006; x_wconf 86' lang='lat' dir='ltr'>deflet</span> <span class='ocrx_word' id='word_1_459' title='bbox 900 2967 1012 3015; x_wconf 86' lang='lat' dir='ltr'>natis,</span> <span class='ocrx_word' id='word_1_460' title='bbox 1044 2967 1184 3007; x_wconf 88' lang='lat' dir='ltr'>solacia</span> <span class='ocrx_word' id='word_1_461' title='bbox 1214 2967 1312 3006; x_wconf 88' lang='lat' dir='ltr'>vitae</span> 
     </span>
    </p>
   </div>
  </div>
 </body>
</html>
