1968 3268
1020 0 1047 40 fl

439 171 554 209 Tituli
576 171 737 208 virorum
758 170 1017 207 nonnullorum
1037 171 1079 206 in
1100 169 1234 207 litteris
1257 170 1452 206 clarorum.
1716 169 1799 210 5¹19

88 287 160 328 lex
183 286 191 342 Ι
216 269 417 339 dignitatis
446 285 641 338 inciperet
650 286 678 336 ²,
709 291 948 338 praeceptor
976 283 1124 325 fraudis
1152 285 1315 336 ignarus
1343 290 1385 324 et
1411 284 1515 325 intra
1544 284 1664 326 breve
1692 285 1806 342 tem}-

94 367 173 408 pus
215 355 424 395 universae
466 354 654 407 patriciae
698 353 827 394 soboli
864 353 1011 403 lectus,
1057 352 1246 404 magister
1282 352 1533 404 eloquentiae
1568 353 1622 393 ita
1660 354 1806 405 inimi)-

94 421 226 464 tabilis
253 422 412 463 saeculo
442 434 528 471 suo,
557 427 604 462 ut
630 427 783 462 tantum
812 420 975 461 veterib.
1004 420 1130 473 possit
1157 420 1330 472 aequari.

209 499 352 543 Romae,
375 499 621 542 sarcophagus
644 499 717 540 (VI
734 500 825 533 9858
854 499 1047 533 delineavit
1077 498 1120 531 dc
1141 497 1244 532 Rossi
1272 497 1356 531 bull.
1381 499 1479 531 crist.
1502 497 1534 538 1,
1557 497 1648 533 1865
1672 509 1710 543 p.
1733 499 1807 542 45).

95 576 141 582 —
161 557 194 600 1)
207 556 326 590 Extat
338 555 490 600 epistula
507 555 720 599 Hieronymi
729 549 796 588 ‘ad
809 555 982 598 Magnum
999 557 1177 588 oratorem
1192 555 1294 587 urbis
1306 548 1458 588 Romae’
1482 553 1643 595 (Hieron.
1667 566 1720 599 ep.
1735 556 1807 600 70),

95 615 191 647 hunc
213 614 330 656 ipsum
351 614 429 645 sine
452 612 571 646 dubio.
610 611 783 654 Magnum
807 613 1042 645 christianam
1064 610 1172 652 fidem
1189 609 1396 654 professum
1423 621 1496 644 esse
1518 621 1566 644 ea.-
1587 611 1806 657 Hieronymo

96 672 259 714 apparot.
282 688 328 695 -—
353 669 388 712 2)
412 668 566 702 Videtur
588 669 654 710 agi
676 668 720 701 de
743 668 919 711 dignitate
943 667 1110 711 quadam,
1141 677 1164 712 a
1186 669 1314 700 senatu
1336 668 1377 700 in
1407 668 1503 701 hune
1530 668 1710 701 rhetorem
1729 670 1807 713 pri—

95 736 192 760 mum
208 725 350 760 collata.
381 724 526 758 Rossius
542 726 680 767 accepit
703 725 745 758 de
763 725 932 758 comitiva
950 726 1066 767 primi
1090 723 1238 765 ordinis,
1262 735 1285 757 a
1306 722 1502 757 Theodosio
1523 726 1667 759 iuniore
1689 736 1723 759 a.
1737 726 1806 760 425

94 781 359 826 professoribus
390 783 431 814 in
460 781 549 814 urhe
574 780 971 823 Constantinopolitana
1003 780 1209 814 docentibus
1231 781 1371 813 tn'buta
1394 778 1487 823 (cod.
1522 779 1649 814 Theoti.
1672 783 1704 823 6,
1727 782 1807 824 21).

208 883 325 931 2952
366 884 575 926 Ennodius
603 886 721 926 vatis¹
751 885 852 926 lucis
881 883 1081 924 rediturus
1110 883 1151 923 in
1182 889 1275 923 ortu

426 946 505 993 hoc
534 954 669 1006 posuit
696 954 849 994 tumulo
880 952 1061 1004 corporis
1091 951 1265 992 exubias.

371 1020 508 1060 Clarus
535 1021 650 1074 prole
681 1021 853 1073 quidem,
883 1019 1115 1073 generosior
1144 1020 1229 1072 ipse
1257 1018 1506 1072 propinquis,

428 1100 529 1139 quos
557 1089 742 1128 functus²
770 1089 928 1128 laudum
960 1088 1073 1128 iussit
1101 1087 1247 1127 habere
1277 1086 1393 1126 diem.

368 1155 562 1195 Reddedit
589 1156 663 1196 hos
692 1157 813 1196 caelo·
831 1155 1030 1195 vivacibus
1059 1155 1124 1195 ille
1153 1154 1302 1206 figuris,

425 1235 515 1263 cum
546 1224 640 1263 fecit
669 1224 793 1263 famae
823 1223 951 1262 vivere
981 1222 1217 1274 conloquiis.

368 1289 471 1336 Quid
501 1291 646 1331 mirum
675 1291 708 1331 si
738 1296 866 1330 morte
896 1296 1004 1330 caret
1032 1296 1123 1342 post
1150 1288 1267 1329 busta
1296 1289 1501 1341 superstis,

426 1359 494 1410 qui
525 1359 845 1409 consanguineos
875 1358 1046 1397 restituit
1074 1355 1259 1409 superis?

370 1426 563 1477 quantos³
593 1426 666 1466 iste
697 1427 812 1473 foret,
844 1425 983 1466 mundi
1012 1423 1277 1465 caelebrator⁴
1306 1424 1347 1463 in
1376 1424 1532 1472 hortu⁶‚

430 1506 504 1532 nec
535 1494 623 1533 silet
653 1493 807 1533 occidui
837 1492 1007 1532 cardinis
1037 1504 1222 1531 oceanus.

370 1561 583 1601 Scismata⁶
612 1561 820 1601 coniunxit
850 1561 999 1600 dudum
1030 1559 1224 1599 discordia
1253 1558 1330 1610 legi

426 1629 553 1680 adque
582 1628 701 1668 fidem
731 1628 838 1667 Petri
866 1627 1046 1667 reddedit
1075 1626 1265 1666 aeclesiis.

369 1695 527 1736 Pollens
556 1696 750 1748 aeloquio,
781 1695 987 1735 ductrinae
1018 1699 1102 1743 (sic)
1140 1693 1285 1734 nobilis
1315 1699 1410 1741 arte,

427 1764 597 1804 restituit
627 1763 752 1804 Cristo
784 1764 1018 1803 innumeros
1046 1762 1227 1814 populos.

371 1830 523 1882 Largus
553 1831 613 1870 vel
642 1831 799 1884 sapiens
830 1831 1121 1882 dispensaturq.
1154 1825 1238 1875 (sie)
1270 1827 1480 1879 benignus,

426 1899 577 1939 divitias
607 1899 775 1939 credens
805 1911 903 1950 quas
932 1898 1039 1938 dedit
1068 1909 1154 1937 esse
1183 1908 1286 1945 suas,

372 1967 516 2019 templa
548 1966 621 2006 deo
654 1967 803 2006 faciens
831 1966 960 2018 ymnis
989 1965 1186 2005 decoravit
1215 1971 1254 2004 et
1283 1963 1417 2009 auro⁷‚

427 2040 466 2073 et
495 2034 624 2086 paries
654 2034 779 2073 suncti
800 2034 990 2085 dogmata
1022 2044 1130 2072 nunc
1159 2031 1348 2083 loquitur.

211 2101 424 2153 Depositus
453 2101 526 2141 sub
558 2101 595 2140 d.
626 2101 713 2140 XVI
744 2101 818 2140 kal.
856 2103 1057 2152 &ugustas
1085 2099 1091 2151 Ι
1120 2099 1270 2139 Valerio
1300 2111 1334 2138 ν.
1366 2110 1400 2138 c.
1433 2097 1602 2138 consul.⁸

215 2167 333 2201 Ticini
356 2169 373 2207 (
374 2167 411 2200 V
421 2169 502 2201 6464
521 2167 612 2200 vidit
627 2167 847 2211 Mommsen).
866 2187 907 2191 —
928 2169 960 2208 1)
976 2167 1174 2209 Episcopus
1190 2166 1291 2204 (nam
1307 2165 1348 2197 id
1357 2167 1448 2207 puto
1464 2163 1698 2205 significatur
1711 2167 1804 2198 valis

96 2224 284 2267 vocabulo)
314 2223 510 2256 steinensis
540 2222 660 2263 factus
690 2226 741 2256 est
772 2224 962 2256 Ennodius
995 2224 1092 2255 circa
1124 2232 1259 2255 annum
1281 2221 1346 2254 514
1378 2219 1442 2263 (cs.
1470 2220 1583 2262 Vogel
1610 2220 1726 2263 praes.
1758 2221 1806 2254 ad

96 2280 301 2314 Ennodium
329 2291 366 2323 p.
389 2279 506 2313 XXIV
499 2280 520 2323 )
529 2292 542 2320 ;
572 2283 678 2313 antea
710 2278 835 2319 fuerat
868 2279 1042 2312 diaconus
1072 2278 1240 2311 ecclesiae
1270 2276 1558 2311 Mediolanensis.
1587 2295 1631 2300 —
1662 2279 1697 2319 2)
1726 2277 1804 2311 Ser.

97 2336 253 2378 functos,
295 2338 330 2375 3)
359 2339 523 2380 quantus,
565 2338 599 2378 4)
631 2335 831 2370 celebratur.
861 2354 905 2359 —
941 2338 973 2377 5)
1003 2335 1272 2377 significantur
1307 2333 1504 2375 legationes
1539 2336 1722 2376 susceptae
1760 2335 1804 2367 ab

96 2393 262 2426 Ennodio
302 2394 400 2425 iussu
432 2391 643 2425 Hor-misaac
677 2402 795 2435 papae
833 2390 1177 2433 Constantinopolim
1211 2390 1260 2422 ad
1288 2390 1518 2422 Anastasium
1555 2390 1807 2431 imperatorem

98 2448 231 2492 (Vogel
253 2449 275 2482 1.
300 2458 331 2483 c.
353 2459 390 2491 p.
413 2447 510 2481 XXV
521 2449 622 2491 seq).
646 2466 691 2471 —
715 2449 750 2490 6)
774 2448 909 2490 Agitur
933 2448 975 2480 de
1005 2448 1193 2480 schismate
1217 2456 1344 2478 exorso
1368 2455 1463 2478 anno
1486 2444 1552 2478 498
1560 2469 1571 2487 ,
1601 2454 1680 2477 cum
1701 2446 1810 2479 simul

97 2504 330 2550 Symmachus
353 2507 388 2536 et
411 2503 628 2537 Laurentius
651 2503 782 2537 Romae
805 2506 962 2546 episcopi
986 2505 1100 2537 creati
1121 2505 1234 2536 essent
1258 2501 1321 2545 (cf.
1349 2501 1462 2543 Vogel
1484 2501 1506 2534 1.
1524 2511 1552 2534 c.
1580 2511 1618 2543 p.
1636 2500 1688 2534 IX
1696 2501 1807 2545 seq),-

98 2572 144 2594 exc
166 2562 311 2604 seriptis
327 2560 489 2593 Ennodii
511 2562 581 2593 huc
598 2562 757 2603 pertinet
779 2559 917 2592 libellus
936 2570 1007 2603 pro
1031 2560 1168 2603 synodo
1192 2562 1243 2602 (p.
1260 2559 1303 2592 48
1326 2558 1378 2591 od.
1396 2557 1536 2601 Vogel).
1559 2575 1604 2581 —
1628 2558 1662 2599 7)
1687 2557 1808 2600 Signi-

96 2616 232 2658 ficaiur
265 2617 430 2649 carmina
459 2616 622 2649 Ennodii
656 2617 695 2648 in
728 2617 928 2659 parielibus
965 2616 1192 2649 ecclesiarum
1225 2615 1399 2657 inscripta
1430 2624 1502 2646 esse
1531 2613 1660 2646 litteris
1688 2616 1808 2647 aureis

97 2673 289 2713 (nimirum
314 2674 351 2705 in
378 2683 483 2714 opere
507 2672 698 2716 lesselalo).
746 2672 920 2704 Habemus
949 2673 1112 2705 carmina
1144 2674 1187 2705 ab
1212 2670 1378 2703 Ennodio
1404 2671 1442 2702 in
1475 2670 1645 2702 honorem
1675 2672 1807 2713 episeo-

95 2738 227 2771 porum
250 2727 567 2762 Mediolanensium
600 2728 683 2761 inde
714 2729 758 2760 ab
782 2729 969 2761 Ambrosio
999 2727 1099 2767 sacta
1133 2726 1259 2769 (carm.
1282 2727 1318 2768 2,
1341 2727 1488 2766 77—89,
1518 2737 1555 2768 p.
1579 2726 1727 2769 1622241.
1752 2727 1805 2761 ed.

101 2785 224 2827 Vogel,
244 2794 282 2827 p.
301 2784 366 2817 581
392 2785 444 2818 ed.
470 2785 621 2826 Hartel),
645 2794 736 2827 quae
759 2784 874 2817 medio
899 2794 985 2817 aevo
1004 2783 1207 2825 prostitisse
1225 2782 1419 2815 Mediolani
1443 2782 1523 2814 inde
1545 2786 1696 2825 apparel
1713 2783 1808 2826 quod

98 2842 242 2883 recepta
258 2843 344 2872 sunt
358 2842 398 2873 in
413 2841 577 2884 syllogen
595 2840 775 2884 quandam
793 2841 1070 2883 inscriptionum
1087 2838 1404 2871 Mediolanensium
1420 2838 1536 2870 medio
1554 2849 1640 2871 aevo
1657 2838 1806 2878 factam.

99 2895 172 2940 (Cf.
190 2895 382 2929 Mommsen
400 2896 434 2930 G.
454 2896 491 2929 V
504 2907 542 2939 p.
558 2896 632 2937 618,
658 2896 700 2929 de
716 2895 818 2930 Bassi
834 2898 941 2930 inser.
959 2897 1034 2929 clir.
1051 2896 1129 2929 urb.
1146 2893 1277 2928 Romae
1294 2894 1329 2927 II
1344 2895 1362 2928 1
1386 2905 1421 2937 p.
1439 2893 1587 2928 XXXIX
1607 2898 1642 2928 el
1662 2906 1698 2939 p.
1715 2895 1806 2939 176).

99 2972 142 2978 -
169 2954 202 2993 8)
226 2953 267 2987 A.
290 2951 371 2986 521.

820 3053 1088 3060 ——-—.-—

1458 3130 1529 3166 37·
