1968 3268
217 125 270 164 20
981 124 1100 169 Caput
1123 124 1151 158 Ι.

325 236 384 283 68
426 239 605 280 Cornelia
636 240 809 280 Africani
840 239 937 286 filia,
975 237 980 291 Ι
1008 238 1302 278 Gracchorum*
1363 242 1424 282 (In
1449 244 1555 285 parte
1584 243 1769 285 superiore
1799 244 1912 285 basis)

215 319 316 360 opus
344 307 573 348 Tisicratis.²

325 371 456 406 Romae
479 375 572 406 basis
595 384 669 416 rep.
694 375 747 406 ibi
769 374 833 406 ubi
854 372 930 412 fuit
947 373 1111 415 porticus
1129 371 1305 412 Octaviae,
1329 380 1426 403 nunc
1443 372 1483 404 in
1501 371 1676 414 Capitolio
1693 373 1913 416 (7140043).

212 449 256 454 —
283 430 316 472 1)
340 429 480 462 Titulus
501 432 655 473 scriptus
680 429 809 461 litteris
831 439 904 461 non
929 429 1194 470 antiquioribus
1209 427 1385 469 Augusto.
1426 426 1588 461 Statuam
1605 428 1789 462 Corneliae
1806 428 1914 463 Grac-

216 486 364 519 chorum
387 487 512 518 matris
542 488 580 518 in
603 487 752 528 porticu
779 484 944 517 Octaviae
973 484 1066 516 vidit
1088 484 1227 516 Plinius
1257 484 1290 516 Ιι.
1316 492 1350 515 n.
1373 483 1430 524 54,
1452 483 1509 518 54.
1555 483 1685 517 Matris
1706 484 1915 518 vocabulum

216 543 383 575 omissum
420 552 491 574 esse
525 542 632 583 plane
667 543 798 573 mirum
830 543 891 573 est.
922 559 963 564 —
1002 540 1035 579 2)
1071 540 1145 572 Hoc
1181 540 1355 582 scriptum
1391 538 1519 572 litteris
1555 539 1791 574 deterioribus
1825 551 1914 584 quae

212 597 377 637 referunt
397 598 577 630 saeculum
601 598 747 629 tertium
771 596 827 629 vel
849 596 937 629 adeo
962 599 1139 639 quartum.
1188 594 1345 636 (Similes
1368 595 1490 629 titulos
1513 605 1600 639 opus
1625 594 1798 640 Polycliti,
1825 606 1912 641 opus

212 653 410 695 Praxitelis,
440 655 552 697 [o]pus
577 652 776 694 Tim[a]rchi
801 652 944 685 Rossius
967 652 1061 685 Bull.
1091 662 1187 685 mun.
1211 651 1295 685 4874
1316 662 1351 694 p.
1375 651 1546 686 474-484
1577 652 1754 686 adtribuit
1771 654 1914 687 saeculo

209 721 245 753 p.
272 709 350 743 Chr.
375 709 481 742 alteri
503 710 560 742 vel
581 711 718 751 tertio).
765 709 935 751 Videtur,
965 708 1107 741 sublata
1134 711 1259 741 ‘statua
1285 707 1485 751 Corneliae,
1517 710 1595 742 basi
1615 709 1820 752 impositum
1843 720 1915 743 esse

213 767 357 808 signum
381 765 529 808 aliquod
549 765 687 806 factum
711 777 732 798 a
761 765 932 798 Tisicratc
953 766 1073 807 prisco
1098 763 1253 804 artefice.

615 1097 713 1149 EX
753 1095 998 1150 FASTIS
1042 1094 1503 1150 CAPITOLINIS.

592 1284 811 1332 Tabulae
847 1284 1189 1348 triumphorum
1225 1282 1525 1349 principium.

325 1383 380 1429 69
471 1385 661 1424 Romulus
691 1385 822 1424 Martis
851 1385 876 1423 f.
908 1396 977 1423 rex
1006 1396 1083 1425 ann
1089 1415 1227 1425 .....

538 1453 585 1491 de
616 1452 928 1492 Caeninensibus
956 1451 993 1491 k.
1025 1452 1119 1491 Mar.

470 1516 687 1575 [Romulus]
721 1520 854 1560 Martis
883 1520 910 1559 s.
941 1532 1010 1559 rex
1041 1519 1076 1558 ll
1099 1550 1107 1559 .
1132 1551 1140 1559 .
1163 1550 1199 1559 ..

541 1584 600 1642 [de
630 1583 934 1642 Antemnatibus]
969 1618 976 1625 .
1002 1618 1008 1625 .

471 1684 981 1694 .............

469 1752 979 1762 ·············

474 1787 615 1844 [Ancus
646 1788 816 1829 Marcius
845 1801 920 1829 rem
951 1786 1008 1842 de]
1035 1818 1175 1826 .....

540 1852 753 1910 [Sainneis
784 1862 822 1895 et
854 1851 1104 1910 [Veientibus]
1129 1885 1137 1894 .
1162 1885 1170 1893 .
1194 1885 1202 1893 .
1227 1886 1235 1894 .

472 1919 543 1978 [L]
574 1923 811 1974 Tarquinius
840 1920 1060 1977 Dama[rati
1085 1923 1117 1974 f.
1176 1935 1267 1963 ann.
1290 1953 1298 1961 .
1324 1953 1331 1960 .
1355 1951 1364 1960 .

539 1990 694 2030 Priscus
723 2002 793 2030 rex
822 1990 870 2030 de
899 1986 1102 2045 Latin[eis]

470 2057 514 2097 L.
544 2057 782 2108 Tarquinius
812 2057 1007 2097 Damarati
1037 2058 1063 2096 f.
1098 2054 1205 2111 [ann.
1231 2088 1241 2097 .
1266 2087 1273 2095 .

536 2124 693 2164 Priscus
722 2136 791 2164 rex
822 2124 856 2163 11
886 2124 934 2164 de
964 2120 1200 2178 Etrusce[is]
1236 2153 1245 2162 .
1269 2153 1278 2162 .
1302 2153 1310 2162 .

470 2192 513 2232 L.
545 2192 783 2243 Tarquinius
813 2191 1007 2231 Damarati
1036 2192 1061 2230 f.
1122 2203 1213 2230 aun.
1248 2190 1396 2231 CLXVI

539 2258 696 2298 Priscus
726 2272 793 2299 rex
824 2259 877 2298 111
907 2260 954 2298 de
986 2259 1164 2299 Sabineis
1193 2257 1285 2297 idib.
1318 2258 1423 2298 Sext.

471 2326 555 2366 Ser.
577 2326 727 2366 Tullius
755 2339 824 2366 rex
853 2327 902 2366 de
922 2326 1098 2367 Etruscis
1118 2326 1167 2364 Vl
1196 2326 1233 2365 k.
1257 2326 1346 2365 Dec.
1369 2338 1402 2366 a.
1425 2323 1591 2366 CXXCII

472 2394 556 2433 Ser.
578 2394 729 2434 Tullius
748 2407 817 2434 rex
837 2394 872 2434 11
892 2395 939 2434 de
961 2394 1115 2434 Etrusc.
1138 2393 1223 2433 VIII
1254 2394 1292 2433 k.
1313 2393 1401 2433 lun.
1422 2405 1457 2433 a.
1475 2390 1656 2433 cxxcvl

470 2462 553 2500 Ser.
576 2461 727 2502 Tullius
746 2475 814 2502 rex
835 2462 889 2501 ΙΙΙ
1161 2474 1254 2501 ann.
1277 2460 1406 2501 CXXC
1428 2490 1437 2499 .
1461 2490 1468 2499 .
1493 2490 1503 2499 .

538 2529 586 2568 de
615 2528 815 2569 Etrusceis
1088 2528 1159 2568 1111
1190 2541 1270 2568 non
1293 2557 1434 2568 .....

471 2625 1191 2634 ··················

324 2670 455 2704 Romae
477 2682 550 2714 rep.
575 2675 614 2704 in
637 2671 720 2711 foro
746 2673 858 2704 variis
883 2672 1098 2714 temporibus
1127 2673 1364 2714 (potissimum
1387 2681 1420 2703 a.
1443 2669 1526 2703 4546
1550 2670 1586 2701 et
1607 2677 1734 2701 rursus
1756 2678 1791 2702 a.
1807 2667 1909 2710 4846)

212 2737 318 2770 quam
344 2727 506 2770 plurima
534 2727 741 2770 fragmenta
765 2737 937 2760 saaeorum
961 2729 1218 2770 inscriptorum
1241 2730 1370 2769 aetate,
1399 2729 1441 2759 ut
1464 2725 1607 2758 litterae
1629 2723 1808 2765 indicant,
1841 2725 1910 2757 cir-

214 2786 303 2816 citer
317 2784 485 2827 Augusti,
499 2795 586 2827 pars
602 2785 705 2816 lzabet
721 2785 868 2816 nomina
885 2783 1069 2816 consulum
1086 2783 1302 2816 dictatorum
1318 2791 1503 2817 censorum
1520 2781 1651 2814 liberae
1666 2780 1908 2823 reipublicae,

212 2851 299 2883 pars
315 2850 495 2873 recen-mm
513 2841 774 2883 triumphorum
797 2839 881 2872 inde
897 2840 940 2872 ab
957 2841 1045 2872 urbe
1061 2840 1224 2873 condita.-
1249 2839 1419 2873 translati
1441 2836 1576 2881 lapides
1599 2837 1771 2879 (eoeceptis
1783 2836 1911 2879 paucis

214 2895 445 2938 fragmentis)
462 2898 502 2929 in
520 2895 748 2939 Capitolium,
772 2895 867 2928 unde
889 2894 1004 2934 fasti
1029 2895 1055 2928 C
1063 2906 1112 2938 ap
1122 2897 1137 2926 i
1144 2898 1159 2927 t
1167 2906 1186 2928 o
1197 2895 1263 2928 lin
1272 2897 1287 2928 i
1310 2897 1496 2928 vocantur.
1534 2892 1752 2926 Accuratiue
1774 2891 1818 2925 de
1833 2891 1910 2934 loeo
1957 2893 1968 2935 “j

212 2954 276 2984 ubi
306 2954 471 2985 steterint
499 2955 652 2996 egerunt
682 2952 825 2984 Henzen
850 2951 886 2985 0.
910 2952 928 2984 1
946 2962 984 2994 p.
1008 2952 1071 2985 424
1106 2955 1139 2983 et
1169 2952 1320 2985 Huelsen
1351 2951 1472 2985 Jahrb.
1505 2949 1564 2982 des
1594 2948 1692 2981 arch.
1716 2947 1803 2981 Imt.
1824 2947 1912 2981 1889
1960 2946 1968 3001 ξ

207 3019 245 3051 p.
269 3009 335 3042 247
345 3020 427 3051 seq„
451 3009 493 3042 de
518 3013 671 3052 tempore
687 3019 755 3051 quo
772 3009 899 3050 scripti
919 3010 994 3040 sint
1009 3008 1149 3040 Henzen
1166 3008 1187 3041 1.
1205 3018 1246 3050 c.‚
1270 3007 1462 3041 Mommsen
1484 3004 1581 3039 Iio‘m.
1598 3003 1859 3045 Forsehungm
1874 3002 1912 3036 11
1955 3014 1968 3065 ἰ
