1968 3268
467 126 582 163 Tituli
605 126 762 162 virorum
787 127 825 162 et
845 125 1038 161 mulierum
1062 123 1201 161 ordInis
1225 122 1412 160 senatorii.
1708 120 1789 161 217

82 240 237 282 fortasse
260 240 443 274 Bor-mann
475 240 518 273 de
550 240 779 283 expeditione
804 239 1015 273 Germanica
1043 241 1240 272 memorata
1263 236 1365 278 infra
1388 236 1434 271 N.
1456 238 1531 271 997.
1553 256 1600 262 —-
1624 238 1659 279 8)
1678 238 1793 271 Donis

83 299 304 332 militaribus
331 297 456 331 donati
477 299 561 330 sunt
583 295 722 336 fratres
751 306 825 329 non
856 298 1046 338 antequam
1078 295 1231 328 auxiliis
1261 295 1442 328 excercitus
1467 293 1670 328 Germanici
1686 305 1795 338 prae-

82 355 245 398 fuissent,
268 354 331 388 sed
340 356 478 398 postea,
502 355 580 386 sine
596 353 705 386 dubio
717 354 869 396 propter
885 362 1030 396 operam
1042 352 1254 395 praestitam
1269 353 1310 385 in
1324 351 1551 397 expeditione
1568 349 1794 393 Germanica,

90 411 213 445 Tullus
235 421 397 444 reversus
422 410 560 443 demum
584 421 631 443 ea:
645 408 789 449 Africa.
827 408 1006 453 (Apparet
1027 409 1120 441 hanc
1138 411 1278 451 partem
1301 409 1476 441 bonorum
1498 406 1658 448 fratrum
1679 410 1795 451 scrip-

87 472 161 501 tam
179 479 251 501 esse
265 478 338 501 non
355 469 496 500 inverso
514 467 652 509 ordine,
674 469 717 500 ut
731 467 883 509 reliqua,
904 466 967 498 sed
980 465 1107 509 recto).
1143 465 1303 499 Ceterum
1318 466 1450 498 mirum
1467 469 1519 498 est
1534 464 1794 508 Vespasianum

86 528 121 557 et
140 523 258 557 Titum
280 535 354 558 non
378 524 451 557 dici
474 524 584 565 divos,
611 524 694 556 licet
717 523 817 556 tituli
838 523 949 565 positi
970 523 1044 555 sint
1065 523 1130 555 sub
1150 522 1371 556 Domitiano.
1387 540 1429 545 —
1449 523 1483 563 9)
1507 522 1620 555 aureis
1642 524 1794 564 uterque

84 581 234 621 titulus‚·
264 582 506 624 ecs-peccaveris
538 590 651 614 aurea.
672 599 719 605 —
746 580 801 620 10)
824 579 922 611 Inter
941 580 1118 622 patricios
1141 578 1271 612 adlecti
1292 581 1377 611 sunt
1400 589 1422 610 a
1449 577 1667 621 Vespasiano
1692 588 1727 612 a.
1748 578 1795 613 75

84 638 141 670 vel
166 639 225 678 74,
259 638 293 670 si
322 641 416 670 recte
449 637 609 670 creditur
640 636 879 679 Vespasianus
908 637 947 667 in
977 645 1127 668 censura
1160 637 1299 668 tantum
1326 635 1505 677 patricios
1535 644 1672 668 creasse
1704 629 1791 678 (Mo.

87 694 238 727 Staatsr.
263 693 325 727 11⁸
346 693 428 728 4101
451 696 523 727 not.
547 694 605 738 4),
638 693 731 725 certe
760 702 834 725 non
866 694 949 724 ante
972 701 1158 724 censuram
1177 694 1376 734 susceptam
1400 702 1423 724 a
1447 690 1679 734 Vespasiano.

199 793 286 840 992
327 794 372 834 Τ.
394 794 527 835 Clodio
549 793 600 833 Μ.
631 794 658 833 f.
680 792 774 832 Fal-¹
802 791 808 847 Ι
836 792 957 845 Eprio
979 792 1162 833 Marcello
1190 792 1195 847 Ι
1221 806 1301 833 cos.
1323 793 1396 841 11²,
1426 794 1577 846 auguri,
1606 791 1613 846 Ι
1639 793 1795 834 curioni

86 864 267 912 maximo,
286 861 292 916 Ι
313 861 436 902 sodali
456 862 672 913 Augustali,
690 858 695 914 Ι
713 871 774 912 pr.
795 859 908 912 perf,
928 873 1083 913 procos.
1101 858 1106 915 Ι
1125 861 1238 901 Asiae
1259 861 1348 910 111⁴,
1376 863 1382 912 Ι
1409 861 1610 914 provincia
1631 860 1794 914 Cypros.

201 931 315 972 Prope
333 929 490 971 Capuam
512 939 598 971 rep„
625 931 677 960 est
690 926 844 970 Neapoli
866 929 906 960 in
931 938 1051 961 museo
1076 928 1127 972 (X
1138 928 1260 972 5855).
1276 947 1322 953 -
1337 928 1392 960 De
1414 928 1528 971 Eprio
1553 928 1723 962 Marcello
1746 927 1795 967 ef.

90 985 169 1020 Tae.
196 996 279 1019 ann.
303 985 354 1026 46,
378 986 426 1019 22
439 996 509 1028 seq.
534 986 613 1018 hist.
637 986 670 1026 4,
691 984 713 1017 7
736 987 802 1018 cet.
826 984 911 1018 dial.
933 986 967 1026 5,
984 986 1023 1027 8,
1046 987 1082 1017 et
1104 995 1152 1018 eoe
1173 986 1433 1018 recentioribus
1454 985 1631 1027 Borghesi
1653 995 1733 1028 opp.
1757 986 1794 1028 5,

83 1044 154 1077 285
164 1053 235 1085 seq.
258 1043 362 1084 —·1)
390 1041 518 1076 Tribus
542 1041 821 1084 Campanorum,
853 1041 949 1074 unde
971 1040 1160 1074 Marcellus
1189 1046 1268 1075 erat
1299 1042 1476 1075 oriundus
1505 1040 1607 1084 (Tac.
1632 1041 1718 1075 dial.
1743 1042 1794 1085 8).

85 1118 130 1124 —
160 1100 193 1142 2)
217 1100 375 1132 Primum
408 1099 631 1132 consulatum
657 1099 771 1140 gessit
798 1099 862 1130 sub
888 1097 1044 1139 Nerone,
1076 1098 1202 1131 consul
1230 1100 1362 1131 iterum
1393 1096 1470 1137 fuit
1495 1098 1668 1140 suffectus
1699 1109 1731 1132 a.
1754 1099 1796 1131 74

87 1155 191 1200 (dipl.
207 1155 285 1200 IX).
299 1174 342 1180 —-
359 1157 394 1197 3)
410 1156 560 1188 Praetor
578 1156 796 1199 peregrinus
819 1153 894 1194 fuit
917 1167 951 1188 a.
966 1156 1010 1188 48
1032 1165 1105 1187 uno
1123 1155 1192 1197 die,
1217 1154 1263 1194 cf.
1283 1153 1366 1188 Tac.
1384 1165 1471 1188 ann.
1485 1155 1542 1197 42,
1555 1156 1586 1189 4.
1601 1173 1644 1179 —
1658 1156 1694 1197 4)
1709 1155 1796 1188 Pro-

86 1212 211 1246 consul
232 1213 342 1245 Asiae
364 1212 507 1244 videtur
528 1210 641 1250 fuisse
665 1223 696 1245 a.
712 1212 854 1246 70—75.

197 1313 282 1360 993
331 1315 372 1356 C.
405 1315 579 1355 Helvidio
606 1313 612 1369 Ι
640 1315 680 1355 C.
713 1316 738 1354 f.
770 1318 864 1354 Arn.
891 1315 897 1367 Ι
924 1316 1087 1355 Prisco.¹

197 1380 283 1427 994
327 1383 497 1422 Plautiae
524 1381 530 1436 Ι
557 1382 791 1429 Quinctiliae
821 1385 866 1422 A.
903 1383 928 1422 f.
962 1381 968 1436 Ι
1004 1383 1047 1422 Ρ.
1078 1383 1228 1423 Helvidi
1254 1381 1260 1436 Ι
1289 1383 1433 1431 Prisci,
1473 1389 1511 1422 et
1536 1382 1542 1435 Ι
1569 1383 1612 1423 Ρ.
1644 1382 1796 1422 Helvidi

87 1451 238 1490 Prisci.²

204 1517 247 1549 In
270 1527 360 1559 agro
377 1515 534 1549 Romano
559 1516 607 1549 ad
630 1518 724 1549 viam
740 1517 1008 1550 Praenestinam
1022 1517 1148 1551 XVIII
1165 1517 1322 1550 millibus
1342 1527 1487 1559 passum
1511 1518 1555 1550 ab
1579 1518 1677 1558 urbe,
1701 1528 1798 1551 nunc

88 1573 219 1607 Itomae
241 1574 282 1606 in
304 1583 423 1606 museo
438 1572 615 1606 Vaticano
641 1573 749 1616 (XIV
760 1575 860 1607 2844.
874 1575 985 1614 2845;
1009 1573 1174 1606 Huebner
1196 1584 1252 1607 eat.
1275 1575 1444 1616 scriptur.
1469 1575 1583 1616 epigr.
1605 1574 1685 1608 545.
1700 1575 1796 1619 316).

91 1649 130 1654 —
160 1631 191 1672 1)
218 1629 345 1663 Tribus
367 1630 555 1662 Arniensis
586 1633 798 1672 argumento
831 1634 883 1662 est
910 1628 1021 1669 s'uisse
1052 1631 1116 1663 lzos
1146 1630 1304 1663 homines
1339 1641 1385 1662 ea:
1422 1630 1551 1671 eadem¹
1574 1632 1686 1673 stirpe
1718 1641 1798 1664 cum

87 1689 174 1719 noto
207 1686 369 1719 Helvidio
393 1687 514 1719 Prisco
539 1689 709 1729 praetore
732 1697 765 1719 a.
787 1686 840 1728 70,
864 1688 979 1720 occiso
1003 1688 1066 1719 sub
1092 1686 1310 1730 Vespasiano
1336 1685 1449 1729 (Suet.
1476 1686 1579 1730 Vesp.
1603 1687 1684 1731 l5);
1717 1698 1797 1721 eum

89 1744 184 1776 enim
206 1742 319 1783 fuisse
342 1744 440 1775 tribu
463 1744 648 1785 Arniensi,
670 1743 857 1786 probabile
880 1747 931 1776 est
949 1745 1099 1786 propter
1122 1753 1162 1775 ea
1187 1753 1277 1786 quae
1303 1742 1448 1776 Tacitus
1471 1744 1550 1777 hist.
1573 1745 1606 1783 4,
1628 1745 1652 1776 5
1684 1744 1800 1777 tradit

89 1799 133 1833 de
157 1800 299 1842 origine
323 1800 399 1832 eius
422 1799 553 1833 collata
577 1801 812 1842 inscriptione
835 1798 888 1833 IX
899 1800 999 1833 2999.
1043 1799 1148 1832 Fieri
1167 1802 1286 1842 potest
1306 1802 1348 1832 ut
1370 1800 1429 1833 hic
1446 1800 1480 1834 0.
1498 1799 1684 1833 Heluidius
1708 1800 1743 1834 0.
1767 1799 1796 1839 f.

86 1857 134 1888 sit
164 1858 239 1899 ipse
262 1856 409 1889 Priscus
437 1860 588 1899 praetor
617 1867 651 1890 a.
673 1856 734 1897 70,
768 1857 962 1889 bonoribus
992 1857 1129 1889 omissis
1157 1856 1253 1899 quod
1274 1858 1437 1889 mortuus
1461 1859 1512 1889 est
1534 1858 1574 1889 in
1598 1857 1722 1892 exilio.
1752 1876 1798 1881 —

86 1931 132 1939 —
157 1914 190 1955 2)
225 1912 342 1946 Verba
367 1916 402 1946 et
424 1911 462 1946 P.
486 1911 619 1947 Helvidi
644 1912 751 1947 Prisci
782 1915 906 1955 postea
931 1912 1071 1946 adiecta
1095 1915 1203 1953 sunt;
1233 1912 1370 1946 scilicet
1398 1923 1478 1946 eum
1510 1913 1636 1946 titulus
1657 1914 1797 1957 positus

88 1971 176 2002 esset
209 1968 425 2011 Quinctiliae
455 1970 493 2004 P.
518 1970 673 2003 Helvidii
696 1971 812 2003 Prisci
841 1971 969 2011 uxori,
995 1971 1141 2012 postea,
1170 1970 1297 2001 mariti
1326 1980 1464 2012 quoque
1495 1971 1632 2003 ossibus
1659 1971 1723 2002 sub
1756 1980 1796 2003 eo

88 2025 254 2065 conditis,
278 2025 384 2057 huius
406 2028 538 2059 mentio
562 2026 650 2060 addi
673 2026 802 2060 debuit.

202 2125 285 2171 995
332 2127 484 2167 Flaviae
514 2128 559 2167 T.
591 2126 656 2184 [fi]
686 2133 691 2179 Ι
719 2129 884 2169 Sabinae
912 2130 918 2179 Ι
945 2129 1135 2170 Caesenni
1167 2129 1302 2168 Paeti.¹

204 2194 246 2227 In
277 2195 361 2236 agri
386 2193 535 2227 Romani
563 2196 640 2227 vico
665 2195 849 2238 Zagarolo
875 2195 981 2239 (XIV
996 2197 1089 2231 2850
1122 2196 1170 2228 ad
1198 2195 1360 2238 eoeempla
1383 2194 1558 2228 nonnulla
1581 2194 1682 2235 facta
1705 2206 1796 2230 saec.

87 2250 217 2294 XVII).
241 2269 288 2276 —
313 2252 346 2292 1)
371 2250 581 2283 Caesennius
597 2251 725 2284 Paetus
743 2255 861 2294 potest
884 2251 997 2292 fuisse
1019 2253 1051 2284 is
1074 2254 1136 2295 qui
1157 2251 1233 2291 fuit
1255 2251 1379 2284 consul
1402 2261 1434 2283 a.
1450 2251 1490 2283 61
1515 2254 1549 2284 et
1571 2261 1658 2284 mooe
1673 2252 1797 2285 Arme-

89 2309 172 2340 niae
186 2308 411 2349 praepositus
427 2305 528 2349 (Tac.
547 2317 629 2340 ann.
646 2307 699 2348 45,
711 2309 732 2341 6
743 2308 842 2352 seq),
854 2312 979 2352 postea
997 2309 1134 2351 legatus
1151 2308 1282 2351 Syriae
1296 2308 1359 2339 sub
1375 2307 1590 2350 Vespasiano
1608 2307 1750 2351 (Ioseph
1766 2310 1797 2342 b.

89 2363 167 2397 Iud.
183 2364 214 2405 7,
230 2364 265 2402 5,
281 2364 311 2396 4.
327 2363 359 2404 7,
373 2362 404 2402 7,
422 2362 457 2405 4)
475 2365 511 2394 et
523 2363 718 2404 proconsul
731 2364 839 2396 Asiae
853 2366 918 2397 sub
934 2365 1143 2397 Domitiano
1162 2364 1289 2407 (Lebas
1305 2365 1341 2406 5,
1352 2365 1432 2398 558.
1449 2363 1584 2397 Ecltliel
1597 2364 1634 2406 2,
1643 2364 1719 2398 549.
1731 2365 1798 2398 557

89 2418 135 2459 cll
158 2419 402 2461 Waddington
426 2418 536 2458 fasces
556 2429 657 2462 prov.
682 2420 790 2453 Asiae
812 2431 848 2454 n.
870 2421 948 2464 407)
976 2423 1023 2464 (si
1046 2421 1188 2463 quidem
1212 2421 1270 2453 hic
1292 2430 1364 2453 non
1389 2420 1549 2453 diversus
1572 2418 1647 2459 fuit
1669 2432 1691 2454 a
1716 2431 1797 2454 con·

88 2475 164 2508 sule
188 2487 220 2509 a.
236 2476 306 2520 61).
350 2474 502 2510 Uaeorem
520 2475 687 2509 Flauiam
704 2475 873 2510 Sabinam
894 2476 1007 2516 fuisse
1031 2488 1077 2509 ex
1100 2478 1212 2519 stirpe
1236 2476 1446 2510 Flauiorum
1469 2479 1531 2520 qui
1554 2479 1799 2519 regnaverunt

89 2534 204 2574 ipsum
228 2542 356 2565 nomen
379 2532 522 2565 videtur
546 2532 736 2565 ostendere.

201 2632 287 2678 996
331 2635 381 2674 Μ.
404 2635 546 2675 Fabius
572 2634 578 2688 Ι
606 2634 812 2675 Fabullus¹
833 2635 838 2688 Ι
857 2634 947 2674 trib.
974 2634 1139 2675 militum
1167 2633 1173 2687 Ι
1199 2635 1272 2686 leg.
1290 2635 1378 2675 XIII
1401 2636 1524 2681 Gem.,
1551 2635 1557 2691 Ι
1585 2637 1659 2688 leg.
1681 2636 1798 2689 Aug.²

91 2703 267 2754 provinc.
295 2702 300 2756 Ι
328 2703 480 2742 Africae
512 2716 571 2755 pr.
604 2716 676 2755 pin,
704 2701 709 2756 Ι
736 2703 812 2755 leg.
844 2704 940 2754 Aug.
973 2702 1047 2755 leg.
1078 2702 1167 2742 XIII
1198 2702 1322 2749 Gem.‚
1349 2702 1356 2756 Ι
1382 2715 1480 2743 sacr.
1512 2703 1624 2756 Nym.

208 2767 395 2811 Topliczae
419 2771 457 2801 in
481 2779 574 2811 agro
599 2770 866 2802 Poetovionensi
892 2768 962 2811 (III
977 2769 1076 2813 4448)
1102 2780 1174 2812 rep.
1197 2788 1243 2794 —
1268 2773 1300 2811 1)
1325 2770 1502 2803 Incertum
1526 2780 1611 2802 num
1635 2769 1728 2801 idem
1750 2772 1799 2801 sit

90 2823 226 2857 Fabius
240 2825 411 2858 Fabullus
429 2827 491 2868 qui
508 2828 616 2868 caput
630 2825 761 2858 Galbae
778 2826 997 2859 circumtulit
1009 2825 1116 2869 (Plut.
1132 2825 1230 2860 Galb.
1241 2827 1315 2870 27),
1332 2827 1470 2868 legatus
1487 2827 1637 2868 legionis
1653 2827 1797 2867 quintae

92 2879 314 2913 Alaudarum
354 2892 393 2914 eo
434 2884 510 2923 ipso
544 2892 638 2914 anno
673 2879 774 2924 (Tac.
805 2884 883 2916 bist.
908 2883 944 2925 5,
967 2883 1036 2927 44).
1068 2902 1112 2908 —
1145 2885 1179 2925 2)
1203 2883 1290 2926 Aug.
1324 2883 1531 2916 vocabulum
1565 2882 1798 2914 Mommsenus

93 2936 271 2970 adiectum
304 2938 415 2971 credit
439 2948 560 2970 errore
569 2950 582 2977 ,·
613 2946 695 2969 nam
722 2935 857 2979 legatus
880 2938 1038 2981 Augusti
1058 2950 1125 2982 pro
1147 2943 1314 2983 praetore
1337 2941 1516 2971 exereitus
1540 2937 1711 2977 Africani
1734 2939 1798 2970 via.-

88 2994 210 3032 potuit
232 2993 315 3033 fiem'
338 2993 511 3026 Fabullus
536 2997 620 3026 ante
645 2993 857 3035 legationem
882 2994 1031 3037 legionis
1055 2998 1182 3028 tertiae
1206 2996 1360 3028 decimae
1386 2995 1560 3029 Geminae.
