1968 3268
842 710 1030 756 OAPVT
1058 710 1113 753 X.

130 827 365 882 TITVLI
413 827 743 883 VIRORVM
790 827 844 882 N
845 827 1345 883 ONNVLLORVM
1395 827 1474 882 IN
1511 827 1827 884 LI'I'l'ERIS

771 917 1174 974 GLARORVM.

242 1106 354 1153 2915
401 1107 571 1154 Quintus
600 1107 846 1147 Hortensius.

142 1200 149 1211 .
241 1175 373 1209 Romae
395 1176 436 1207 in
458 1174 545 1206 villa
561 1175 727 1214 Albania,
749 1175 812 1206 sub
825 1176 989 1217 protome
1004 1182 1204 1205 marmorea
1229 1171 1268 1215 (Ι
1284 1182 1320 1215 p.
1336 1172 1415 1215 284,
1439 1171 1494 1205 VI
1504 1173 1614 1214 45093
1639 1172 1833 1206 delineavit

133 1231 266 1266 Jordan
289 1241 372 1264 αιιιι.
396 1232 479 1264 inst.
504 1231 601 1264 arclz.
624 1230 712 1263 4882
738 1231 807 1263 tab.
831 1229 861 1262 L
884 1229 930 1269 cf.
953 1241 988 1269 p,
1011 1230 1066 1263 63.
1091 1229 1161 1271 64).

245 1321 360 1369 2916
403 1323 453 1362 M.
486 1322 634 1372 Cicero,
664 1335 727 1362 an.
759 1321 928 1362 LXIIII.¹

246 1390 318 1424 Sub
347 1393 510 1434 protome
540 1399 759 1430 marmorea,
792 1400 882 1432 quae
909 1389 1123 1422 adservatur
1144 1387 1304 1430 Matr-iti,
1334 1386 1371 1431 (1
1387 1397 1425 1430 p.
1449 1386 1515 1421 284
1547 1386 1602 1422 VI
1619 1388 1712 1422 4325
1735 1387 1830 1422 vidit

132 1448 315 1488 Hminem
346 1447 473 1479 titulus
487 1445 643 1486 fortasse
660 1445 825 1479 Cicerone
842 1455 914 1479 non
928 1445 1078 1478 multum
1098 1446 1275 1478 recentior
1283 1456 1297 1485 ,·
1319 1445 1432 1487 ipsam
1442 1446 1631 1487 protomen
1645 1453 1720 1478 non
1736 1444 1833 1478 anti·-

133 1514 240 1547 quam
268 1505 338 1536 sibi
367 1503 483 1536 videri
513 1504 567 1535 ait
590 1503 819 1536 Aldenlzoven
843 1502 939 1534 arch.
964 1501 1121 1543 Zeitung
1144 1501 1231 1534 4885
1260 1511 1296 1544 p.
1320 1500 1420 1540 255).
1444 1519 1489 1526 -—
1513 1501 1545 1543 1)
1571 1500 1693 1534 Cicero
1721 1503 1832 1534 natus

134 1561 166 1595 d.
190 1561 225 1594 3.
248 1561 324 1594 Ian.
350 1570 381 1594 a.
406 1570 440 1594 u.
467 1569 495 1593 c.
519 1561 593 1600 648,
619 1561 755 1592 occisus
778 1558 810 1591 d.
834 1558 864 1591 7.
888 1558 971 1591 Dec.
998 1569 1031 1591 a.
1053 1557 1132 1600 744,
1162 1568 1256 1591 anno
1286 1558 1415 1590 aetatis
1441 1559 1662 1601 sexagesimo
1688 1559 1831 1600 qum-to.

251 1650 365 1695 2917
408 1648 547 1707 Σωκ[ρ
549 1648 676 1707 ]άτης
690 1673 746 1680 -
763 1651 925 1690 Seneca.

253 1718 394 1760 Romae,
418 1728 513 1751 nunc
536 1718 698 1751 Ber-olim·
719 1718 759 1749 in
782 1727 913 1757 museo,
937 1717 1058 1749 herma
1082 1715 1214 1759 duplex
1238 1715 1309 1759 (VI
1327 1717 1442 1758 383&
1466 1715 1604 1760 Ko‘nigl.
1621 1700 1764 1751 nucem
1785 1727 1835 1752 zu

138 1775 273 1818 Berlin,
299 1775 560 1817 Besclzreibung
583 1774 646 1807 der
670 1773 815 1806 antiken
840 1773 1053 1816 Sculpturen
1074 1783 1109 1815 p.
1133 1773 1199 1806 458
1221 1783 1256 1806 ιι.
1279 1773 1374 1817 594).

249 1865 364 1911 2918
410 1863 656 1922 [Ap]olonius
685 1865 909 1918 Thyaneus.

254 1933 395 1975 Romae,
417 1935 552 1976 pictum
575 1935 614 1964 in
633 1933 775 1975 pariete
798 1929 955 1964 cubiculi
977 1931 1101 1964 domm
1118 1932 1302 1974 privatae,
1326 1933 1428 1964 cuiue
1450 1931 1583 1965 rudera
1607 1930 1719 1964 lucem
1741 1931 1836 1965 vido-

140 1993 234 2023 runt
256 1993 294 2023 in
317 1993 435 2023 monte
457 1989 646 2032 Esquilino
672 1983 780 2032 (Bull.
804 1988 988 2021 comunale
1010 1987 1095 2021 4884
1112 1997 1151 2031 p.
1172 1989 1214 2021 49
1238 1997 1344 2030 aegre
1367 1988 1454 2031 legit
1474 1987 1715 2030 Lancianiue3
1742 1987 1838 2022 aliae

125 2057 217 2079 mor
396 2056 475 2078 cum
498 2047 715 2088 imaginibus
737 2047 812 2077 suis
834 2046 1046 2088 perierunt).

245 2225 359 2272 2919
403 2227 446 2267 Τ.
469 2228 600 2268 Livius
621 2227 661 2268 C.
684 2228 709 2266 f.
731 2227 804 2267 sibi
835 2234 873 2267 et
898 2225 905 2280 Ι
930 2226 1022 2275 suis,
1049 2226 1055 2279 Ι
1082 2227 1126 2266 Τ.
1149 2227 1256 2267 Livio
1277 2226 1322 2266 T.
1353 2227 1379 2266 f.
1401 2226 1535 2267 Prisco
1556 2227 1597 2273 f.‚
1623 2224 1630 2280 Ι
1655 2226 1701 2266 Τ.
1723 2225 1832 2267 Livio

134 2296 179 2334 T.
211 2297 237 2335 f.
270 2296 409 2347 Longo
440 2296 480 2344 f.‚
508 2294 513 2348 Ι
542 2295 692 2335 Cassiae
724 2295 812 2334 Sex.
843 2296 870 2334 f.
901 2295 1052 2334 Primae
1079 2291 1085 2349 Ι
1111 2295 1237 2334 uxori.

245 2363 387 2395 Patavii
399 2362 451 2402 (V
458 2362 547 2395 2975
560 2362 650 2394 vidit
661 2361 850 2395 Mommsen
850 2361 1070 2402 ).--Titulu5
1082 2364 1277 2404 temporum
1290 2362 1435 2394 circiter
1442 2361 1608 2403 Augusti,
1618 2370 1700 2394 nam
1707 2363 1835 2404 postea

133 2429 219 2451 raro
233 2418 368 2451 duobus
381 2420 583 2451 nominibus
596 2420 755 2451 contenti
766 2420 879 2451 erant.
914 2417 1018 2450 Fieri
1027 2419 1143 2460 potest
1153 2420 1192 2450 ul
1204 2419 1261 2450 liic
1273 2418 1461 2450 habeamus
1473 2416 1572 2450 Livii
1585 2426 1707 2450 rerum
1720 2418 1837 2460 σοφίῃ-

117 2466 226 2507 ’τονίε
250 2475 393 2507 titulum
417 2475 660 2518 sepulcralem.
701 2474 803 2506 Hune
826 2477 919 2506 enim
944 2474 1080 2507 duobus
1105 2477 1242 2507 tantum
1264 2474 1467 2506 nominibus
1493 2471 1531 2506 T.
1548 2472 1692 2506 Livium
1714 2473 1837 2517 appel-

135 2531 246 2563 latum
269 2542 341 2563 esse
365 2533 512 2565 constat.
560 2531 720 2564 Eundem
743 2530 853 2563 nullis
875 2530 1028 2573 publicis
1052 2530 1244 2563 honoribus
1274 2529 1438 2569 functum
1461 2539 1532 2562 esee
1560 2539 1674 2573 paene
1696 2531 1832 2563 certum

135 2590 204 2628 θείς
234 2588 266 2619 si
293 2597 383 2628 quae
403 2588 545 2629 patriae
565 2588 763 2630 praestitit,
795 2597 867 2619 non
888 2586 1070 2629 putandus
1095 2589 1147 2619 est
1168 2597 1209 2619 ea
1231 2587 1272 2619 ιἰι
1296 2585 1414 2629 lapide
1436 2585 1629 2628 sepulcrali
1650 2585 1833 2621 incidisse.

133 2643 275 2676 Livium
293 2644 436 2676 Patavii
452 2642 661 2682 defunctum
685 2653 756 2675 esse
780 2643 892 2675 tradit
907 2643 1145 2686 Hieronymus
1169 2644 1306 2684 (chron.
1325 2642 1373 2675 ad
1387 2652 1444 2676 an.
1463 2642 1548 2675 Abr.
1564 2642 1688 2686 2085).
1737 2641 1833 2675 Livia·

133 2699 231 2739 filius
252 2702 475 2732 memoratur
499 2710 521 2731 a
545 2699 660 2732 Plinio
687 2700 783 2731 inter
813 2702 977 2731 auctores
1006 2699 1183 2732 adhibitos
1207 2698 1285 2742 (lib.
1307 2699 1341 2732 ὅ.
1364 2697 1401 2741 6)
1427 2700 1462 2730 et
1483 2708 1505 2730 a
1529 2698 1754 2740 Quintiliano
1779 2697 1832 2738 40,

134 2755 165 2795 4,
181 2757 237 2789 59.
254 2774 298 2779 -
313 2754 397 2789 Non
412 2758 506 2788 recte
522 2766 544 2788 a
562 2756 747 2788 Patavinis
767 2765 832 2797 per
846 2755 996 2788 multum
1021 2759 1154 2798 tempus
1173 2765 1243 2798 pro
1259 2753 1357 2787 Livii
1370 2764 1491 2787 rerum
1514 2755 1702 2797 scriptoris
1725 2753 1830 2787 aiulo

133 2812 326 2853 sepulcrali
349 2812 490 2844 habitus
513 2814 619 2854 atque
643 2813 750 2844 etiam
774 2810 891 2843 cultus
916 2814 967 2843 est
990 2812 1048 2844 hic
1071 2812 1216 2844 titulus:
1239 2821 1272 2844 v,
1297 2809 1320 2844 f.
1346 2809 1353 2853 Ι
1381 2809 1420 2845 Τ.
1444 2809 1560 2843 Livius
1580 2810 1586 2852 Ι
1605 2809 1719 2844 Liviae
1741 2808 1781 2844 T.
1804 2807 1830 2844 f.
1870 2821 1873 2823 ·

138 2867 142 2909 Ι
170 2865 314 2905 Quartae
339 2867 361 2901 l.
388 2872 393 2909 Ι
421 2867 526 2911 Halys
553 2869 558 2911 Ι
588 2867 818 2901 Concordialis
846 2867 852 2910 Ι
878 2866 998 2900 Patavi
1027 2865 1033 2911 1
1062 2867 1126 2900 sibi
1158 2870 1193 2900 et
1223 2867 1293 2900 suis
1322 2868 1328 2908 Ι
1353 2866 1511 2900 omnibus
1543 2866 1599 2907 (V
1615 2867 1706 2900 2863
1735 2863 1830 2898 vidie

135 2923 354 2964 Mommsen).
402 2925 540 2957 Auctor
568 2926 674 2957 huius
705 2924 840 2955 erroris
862 2924 1047 2956 Patavinis
1078 2923 1218 2956 videtur
1247 2922 1359 2963 fuisse
1381 2922 1600 2955 Francis-cus
1623 2920 1827 2960 Poe-archa,

134 2980 285 3020 epistula
310 2981 445 3022 scripta
474 2980 561 3013 VIII
583 2979 653 3013 kal.
677 2979 829 3012 Martias
862 2989 893 3012 a.
918 2979 1005 3012 1550
1038 2980 1106 3022 (ep.
1131 2980 1173 3012 de
1196 2981 1265 3013 reb.
1289 2977 1377 3018 fam.
1400 2979 1456 3020 24,
1479 2979 1503 3010 8
1532 2980 1556 3010 t.
1579 2978 1604 3011 3
1629 2987 1668 3019 p.
1691 2975 1757 3009 284
1773 2975 1828 3009 ed.

136 3033 379 3078 Fracassetti).
