1968 3268
174 140 227 178 98
409 111 412 114 Δ
924 138 1043 183 Caput
1065 137 1112 172 ΙΙ.

286 253 373 301 407
416 255 445 295 Ι.
477 268 514 296 ο.
544 268 595 295 m.
622 255 629 308 Ι
656 261 694 296 et
723 255 836 295 Marti
862 255 869 308 Ι
895 254 1046 294 custodi
1071 255 1078 304 1
1105 253 1148 292 Ρ.
1180 252 1338 293 Helvius
1363 251 1370 307 Ι
1396 252 1579 293 Pertinax
1603 251 1611 306 Ι
1636 254 1780 306 praef.¹

289 323 416 356 Sirmii
440 320 645 366 (Mitrovih')
673 325 726 355 ter
751 322 926 364 descripta
953 320 1163 364 (1115252).
1214 318 1311 352 Teste
1335 320 1530 363 biographo
1554 330 1584 353 c.
1607 319 1638 353 4.
1655 320 1679 353 2
1702 321 1876 354 Pertinax

168 381 255 422 post
268 378 432 412 relietum
446 389 577 412 munus
587 379 822 422 grammatici
836 379 991 420 primum
1008 378 1180 416 centurio,
1205 376 1332 409 deinde
1351 374 1556 419 praefectus
1579 377 1735 410 cohortis
1755 376 1875 416 factus

172 438 234 476 est,
257 445 344 469 mox
367 436 462 468 alam
485 436 593 468 remit.
642 435 685 468 In
709 434 822 467 altera
845 436 929 466 utra
954 434 1082 466 harum
1101 431 1417 475 praefecturarum
1433 433 1527 466 hunc
1549 433 1695 466 titulum
1712 435 1875 477 posuisse

169 491 354 535 putandus
384 494 444 524 est.
470 510 511 516 —
537 492 727 524 Praeterea
760 493 861 523 eaetat
889 491 1021 522 mentio
1047 490 1243 521 Pertinacis
1273 489 1431 522 nondum
1453 488 1681 533 imperatoris
1703 491 1743 522 in
1767 489 1873 524 titulo

170 548 345 590 Apulensi
377 549 473 581 arclz.
507 559 558 591 ep.
583 547 700 581 Mittlz.
723 549 744 581 9
763 557 801 590 p.
818 547 882 580 246
909 547 968 587 (=
994 545 1050 579 III
1070 544 1106 578 S.
1129 544 1250 586 7754),
1279 545 1417 578 scilicet
1447 549 1488 579 ut
1519 545 1716 579 consularis
1737 545 1875 579 Daciae

172 603 235 644 (ef.
260 605 314 636 vit
334 605 370 646 2,
386 603 454 644 44).

283 703 369 750 408
410 706 504 759 imp.
537 703 728 762 Cae[sari]
758 705 764 761 Ι
791 706 834 745 Ρ.
865 706 973 746 Helv.
1004 701 1255 761 Pert[inaci]¹
1283 704 1288 758 Ι
1316 705 1486 757 principi
1515 703 1734 762 sen[atus]²
1759 706 1765 757 Ι
1792 718 1871 747 cos.

169 773 240 823 11³,
271 786 310 826 p.
341 786 393 826 p.‚
427 770 471 829 [c.
509 770 597 829 D.]⁴
623 772 630 825 Ι
657 773 858 814 dedicavit.

281 840 456 873 Dertosae
481 839 664 880 (Tortosa)
691 842 729 872 in
753 841 936 884 Hispania,
960 840 1066 872 semel
1088 839 1198 872 descr-
1221 849 1310 873 saec.
1332 839 1418 873 XV!
1442 840 1497 880 (II
1515 840 1634 883 5428).
1657 858 1704 866 -
1732 841 1762 882 1)
1785 838 1872 881 Peri,

169 897 203 940 2)
227 906 309 930 sene
333 898 591 940 apographum.
638 891 765 930 Etiam
784 897 899 930 Dione
921 896 977 938 75,
996 897 1019 929 5
1043 898 1127 928 teste
1150 896 1322 929 Pertinax
1346 893 1558 943 πρόκριτος
1580 897 1645 942 τῆς
1667 895 1871 943 γερουσίας

166 948 266 989 κατὰ
291 948 337 989 τὸ
364 947 528 999 ἀρχαῖον
551 949 821 999 ἐπωνομάσθη.
839 972 882 977 -
900 954 933 995 3)
953 952 1084 986 Consul
1097 954 1227 985 iterum
1244 953 1417 986 Pertinax
1438 951 1515 992 fuit
1534 964 1567 989 a.
1584 953 1648 987 492
1674 963 1753 985 cum
1772 952 1870 986 Com-

167 1009 272 1043 modo
297 1011 493 1052 septimum.
517 1028 562 1033 —
585 1011 619 1051 4)
646 1009 792 1043 Colonia
815 1009 969 1042 Dertosa
993 1008 1122 1051 (suppl.
1147 1009 1263 1050 Huc).

280 1120 365 1166 409
411 1122 503 1174 imp.
527 1121 632 1162 Caes.
654 1122 696 1161 P.
719 1122 855 1161 Helvio
882 1120 889 1175 Ι
915 1121 1109 1161 Pertinaci
1129 1121 1228 1174 Aug.
1253 1119 1355 1176 lcos.
1378 1121 1426 1170 ΙΙ,
1449 1122 1628 1174 pontifici
1654 1122 1660 1175 Ι
1686 1122 1869 1170 maximo,

165 1189 255 1230 trib.
280 1196 377 1243 pot„
404 1188 411 1244 Ι
436 1203 475 1243 p.
497 1203 550 1242 p.‚
580 1190 751 1242 principi
782 1202 879 1238 sen„
906 1187 913 1243 Ι
940 1189 1152 1229 fortissimo
1183 1189 1273 1229 duci
1299 1187 1306 1243 Ι
1332 1196 1371 1229 et
1401 1190 1577 1230 omnium
1606 1186 1868 1246 virltu[t]uum

163 1258 345 1311 principi,
366 1256 372 1312 Ι
391 1258 608 1310 Capenates
628 1258 810 1306 foeder.¹‚
828 1255 834 1311 Ι
853 1257 931 1310 pr.²
951 1257 991 1297 C.
1016 1257 1167 1296 Licinio
1188 1258 1407 1311 Sperando.
1454 1263 1513 1302 (In
1537 1263 1662 1303 latero)
1691 1258 1868 1299 dedicata

163 1325 252 1364 XIII
282 1325 357 1365 kal.
390 1325 511 1377 April.
538 1323 546 1379 Ι
572 1337 654 1365 cur.
686 1325 728 1364 P.
751 1325 911 1365 Sextilio
940 1325 1154 1376 Prospecto
1180 1325 1186 1378 Ι
1214 1332 1252 1365 et
1281 1324 1325 1364 L.
1357 1326 1485 1366 Mucio
1516 1326 1697 1366 Muciano
1723 1325 1730 1379 Ι
1756 1339 1836 1378 qq„
1860 1323 1865 1381 Ι

165 1393 336 1433 Falcone
366 1400 405 1432 et
435 1393 547 1433 Claro
577 1381 674 1432 cbsss
702 1391 707 1446 Ι
772 1426 774 1429 .

276 1459 318 1492 In
342 1470 434 1502 agro
460 1459 633 1502 Capenate
657 1468 742 1501 rep„
767 1462 820 1492 est
842 1458 972 1492 Romae
997 1457 1067 1499 (XI
1085 1459 1204 1499 5875).
1229 1477 1265 1483 -
1298 1460 1329 1501 1)
1347 1459 1553 1493 Foederati.
1575 1478 1619 1484 -
1641 1461 1676 1502 2)
1699 1459 1868 1493 Praetore

165 1514 228 1558 (cll
252 1516 305 1549 XI
323 1515 472 1559 387612).
501 1534 545 1540 —
578 1516 611 1558 3)
643 1514 810 1548 Consules
839 1517 922 1547 sunt
955 1526 987 1548 a.
1011 1515 1087 1549 495.
1134 1515 1308 1549 Dedicata
1340 1518 1391 1548 est
1420 1517 1514 1549 basis
1545 1526 1610 1549 sex
1640 1516 1763 1549 diebus
1785 1519 1868 1550 ante

162 1572 301 1605 caedem
325 1573 532 1606 Pertinacis.

274 1671 360 1718 410
403 1685 477 1725 pro
507 1674 630 1714 salute
661 1673 755 1725 imp.
779 1672 885 1713 Caes.
913 1671 919 1727 Ι
947 1673 989 1713 Ρ.
1015 1673 1125 1712 Helvi
1144 1673 1382 1714 Pertinacis¹
1409 1672 1415 1726 Ι
1441 1674 1538 1727 Aug.
1569 1687 1610 1726 p.
1639 1687 1693 1727 p.‚
1724 1675 1865 1727 pontif.

161 1753 276 1789 max..
303 1740 309 1794 Ι
336 1740 426 1780 trib.
457 1747 652 1793 potestat„
683 1753 763 1781 cos.
790 1741 838 1789 ΙΙ,
865 1739 872 1793 Ι
907 1741 948 1780 P.
981 1740 1065 1780 Hel.
1098 1741 1314 1780 Pertinacis
1345 1741 1477 1781 Caes.²
1500 1740 1507 1795 Ι
1533 1748 1573 1781 et
1601 1741 1658 1781 ΡΙ.
1690 1736 1865 1789 Titianae

161 1809 324 1860 August.
351 1807 357 1862 Ι
386 1808 566 1848 Oceanus
595 1821 672 1849 ser.
702 1820 821 1848 verna
848 1809 854 1862 Ι
881 1805 1087 1863 dispen[s.]
1120 1798 1140 1847 a
1170 1808 1398 1848 frumento.³

273 1873 364 1906 Metz
388 1884 463 1916 rep.
486 1885 518 1907 a.
535 1875 627 1915 4749,
651 1877 773 1917 postea
789 1876 1034 1917 Argentorati,
1058 1876 1120 1907 ubi
1137 1876 1251 1918 periit
1274 1886 1305 1908 a.
1328 1875 1423 1917 4870,
1447 1886 1513 1908 ara
1538 1878 1668 1909 ornata
1683 1876 1866 1919 Apollinis

161 1934 196 1963 et
210 1930 383 1963 Mercurii
404 1932 620 1972 imaginibus
639 1930 784 1971 (Renier
807 1930 984 1974 melanges
1009 1927 1253 1974 d'epigraplzie
1271 1942 1311 1974 p.
1330 1931 1417 1972 479„-
1438 1931 1570 1965 Robert
1591 1930 1799 1976 epigraphie
1823 1933 1864 1966 de

163 1986 196 2019 la
221 1986 364 2019 Moselle
388 1986 409 2018 I
426 1997 462 2029 p.
486 1987 529 2020 62
554 1986 593 2018 II
611 1997 646 2029 p.
671 1987 716 2020 45
736 1988 809 2023 tab.
835 1987 869 2020 V
890 1987 952 2029 fig.
976 1988 1011 2027 5,
1040 1989 1188 2029 uterque
1212 1987 1253 2020 de
1276 1989 1372 2031 visu,
1403 1989 1460 2021 Ιιίο
1486 1991 1672 2031 practerea
1702 1989 1863 2022 adhibito

160 2044 284 2086 ectypo
310 2042 525 2085 chartaceo).
548 2061 595 2068 —
621 2045 652 2084 1)
670 2043 787 2077 Verba
811 2041 848 2076 P.
866 2042 962 2076 Helvi
979 2042 1167 2076 Pertinacis
1183 2042 1355 2077 Renierus
1378 2046 1432 2078 ait
1453 2045 1526 2087 legi
1547 2047 1586 2078 in
1603 2045 1734 2087 litun&
1756 2045 1863 2088 idque

160 2099 214 2130 ita
244 2097 401 2140 amplicat
429 2102 472 2131 ut
500 2101 700 2132 Pertinacis
731 2109 858 2132 nomen
887 2101 986 2132 iussu
1015 2100 1139 2132 Albini
1169 2100 1319 2133 deletum
1351 2103 1417 2144 eit,
1450 2105 1574 2144 postea
1611 2103 1712 2134 iussu
1740 2100 1864 2135 Severi

160 2155 375 2187 restitutum.
399 2172 444 2178 —-
469 2156 502 2197 2)
518 2156 738 2189 Pertinacem
757 2155 917 2188 Caesaris
940 2159 975 2188 et
989 2156 1174 2198 Augustae
1196 2157 1367 2190 vocabula
1392 2168 1414 2189 a
1436 2160 1562 2190 senatu
1583 2157 1661 2198 filio
1683 2159 1862 2201 uxorique

160 2211 301 2243 decreta
326 2221 505 2244 recusasse
529 2211 679 2244 tradunt
701 2213 920 2256 biographus
944 2223 971 2247 c.
987 2214 1021 2254 5,
1036 2214 1067 2246 4.
1091 2214 1122 2254 6,
1137 2215 1158 2246 9
1183 2216 1217 2245 et
1242 2213 1311 2246 Dio
1327 2213 1383 2256 75,
1399 2213 1439 2254 7,·
1461 2215 1501 2247 in
1521 2215 1720 2257 provinciis
1744 2217 1862 2247 tamen

157 2266 269 2307 fuisse
294 2269 358 2310 qui
381 2269 474 2300 lianc
495 2268 704 2301 modestiam
727 2270 956 2311 imperatoris
986 2269 1041 2301 vel
1063 2271 1241 2302 nescirent
1263 2270 1319 2303 vel
1339 2280 1413 2303 non
1437 2273 1621 2310 curarent,
1650 2273 1752 2303 testes
1778 2273 1864 2304 sunt

158 2325 296 2356 nummi
329 2324 469 2367 aliquot
499 2324 630 2365 (Sallet
652 2325 826 2359 Zeitsclzr.
856 2325 884 2365 fi
909 2325 1016 2359 Num.
1039 2326 1071 2369 4,
1093 2327 1179 2368 544,-
1205 2326 1345 2360 Coken²
1366 2328 1391 2360 5
1419 2337 1456 2369 p.
1478 2327 1573 2369 597).
1605 2345 1649 2352 ·-
1681 2327 1714 2368 3)
1743 2326 1861 2359 Verba

157 2379 309 2423 dispens,
344 2391 361 2413 a
396 2381 565 2414 frumento
595 2392 660 2415 nec
682 2381 812 2415 Benier
838 2393 903 2416 nec
925 2382 1056 2415 Robert
1083 2382 1266 2424 viderunt,
1296 2382 1421 2415 addita
1451 2386 1537 2416 sunt
1565 2393 1612 2415 ea:
1644 2382 1861 2428 Schoepslini

155 2436 269 2469 Alsat.
294 2436 346 2469 ill.
371 2437 392 2469 I
407 2447 444 2479 p.
461 2439 537 2471 586.

270 2535 350 2581 411
397 2537 484 2577 divo
515 2538 710 2578 Pertinaci
737 2537 743 2592 Ι
769 2540 866 2591 Aug.
897 2540 1019 2592 patri¹
1046 2539 1052 2592 Ι
1080 2540 1122 2579 L.
1145 2539 1326 2580 Scantius
1354 2540 1397 2579 L.
1427 2540 1479 2579 fil.
1501 2538 1610 2585 Quir.
1638 2539 1644 2592 Ι
1671 2540 1858 2590 Iulianus,

159 2616 219 2657 eq.
250 2604 343 2656 pub.
371 2602 377 2658 Ι
405 2611 627 2653 exornatus,
659 2613 835 2655 statuam,
863 2605 870 2660 Ι
897 2619 1013 2658 quam
1043 2608 1224 2660 promisit
1250 2607 1255 2660 Ι
1282 2620 1329 2646 ex
1348 2607 1538 2647 reditibus
1557 2604 1745 2662 Iolcorum
1775 2619 1857 2646 am-

154 2669 351 2727 pithelatri
372 2672 447 2712 diei
468 2673 658 2720 muneris,
687 2673 692 2725 Ι
720 2674 861 2724 quem2
890 2676 937 2714 de
962 2674 1201 2729 liberasslitate
1232 2687 1299 2715 sua
1331 2674 1379 2714 ob
1400 2672 1603 2728 hofnorem
1624 2671 1856 2729 Illviraltus⁸

155 2740 285 2788 edidit,
316 2739 432 2779 dedit.

274 2806 393 2840 Cirtae
417 2806 702 2849 (Constantinae)
728 2807 837 2847 (VIII
847 2809 959 2850 6995).
984 2828 1030 2833 —
1057 2811 1088 2851 1)
1113 2811 1253 2843 Patrem
1275 2811 1381 2852 putat
1400 2807 1634 2841 Mommsenus
1649 2808 1755 2848 (VIII
1771 2808 1791 2841 I.
1809 2810 1854 2849 c.)

156 2864 228 2896 dici
255 2864 373 2896 divum
390 2865 609 2896 Pertinacem
625 2864 826 2906 Augustum
850 2864 899 2896 ad
920 2867 1118 2908 eoeemplum
1134 2866 1264 2899 Martis
1277 2867 1403 2908 patris,
1428 2864 1613 2897 Summani
1622 2865 1744 2907 patris
1757 2866 1856 2896 simi-

154 2920 309 2963 liumque
333 2921 531 2962 numinum,
555 2920 714 2962 Augusti
735 2923 874 2963 patrem
899 2931 977 2953 eum
1002 2922 1074 2954 dici
1094 2925 1202 2965 putat
1217 2921 1386 2955 Renierus
1403 2919 1597 2962 (me'langes
1614 2919 1854 2963 d’epigrapliic

149 2987 184 3018 p.
211 2977 305 3019 485),
330 2987 452 3019 nempe
477 2977 610 3017 Severi,
641 2978 713 3020 qui,
738 2986 816 3008 cum
839 2977 1059 3010 Pertinacem
1083 2989 1119 3010 se
1144 2979 1217 3011 dici
1240 2978 1415 3020 voluisset,
1436 2979 1550 3020 potest
1574 2986 1694 3009 ansam
1720 2976 1854 3009 dedisse

152 3033 362 3074 quibusdam
377 3033 659 3075 provincialibus
677 3033 842 3066 credendi
860 3032 1010 3066 voluisse
1026 3045 1061 3066 se
1078 3034 1150 3066 dici
1173 3034 1287 3074 filium
1313 3034 1388 3067 divi
1411 3034 1619 3075 Pertinacis,
1644 3035 1685 3066 ut
1706 3044 1746 3065 re
1769 3042 1852 3065 vera
