1968 3268
445 133 561 171 Tituli
583 125 835 180 apparitorum
858 136 896 169 et
918 143 1104 169 servorum
1125 132 1369 178 publicorum.
1677 129 1763 169 383

172 248 286 295 1⁹47
330 250 372 291 C.
403 249 546 303 Papius
577 248 618 289 C.
648 248 675 288 1.
701 246 708 301 Ι
735 248 898 289 Salvius.
920 245 937 302 fl
959 246 1001 288 C.
1033 247 1178 300 Papius
1207 246 1248 287 C.
1278 246 1304 286 Ι.
1331 244 1338 300 Ι
1368 245 1526 300 Apelles
1557 248 1723 298 argent„
1757 243 1764 299 Ι

60 331 253 360 accensus
279 317 323 358 P.
345 317 436 359 Sili¹
466 329 548 358 cos.
571 316 586 370 ΙΙ
608 315 740 369 Papiai
761 316 802 357 C.
832 316 858 356 l.
884 313 892 369 Ι
918 315 1140 368 Cleopatrai
1165 314 1172 367 Ι
1198 321 1390 367 patronus
1414 311 1423 370 Ι
1447 314 1589 366 dignae
1618 312 1769 366 posuit.

153 385 294 428 Capuae
317 384 369 428 (X
386 385 476 419 5877
505 383 596 417 videt
618 382 718 424 Ma).
742 402 786 407 —
812 384 845 425 1)
868 382 1109 425 Significatur
1140 385 1205 415 aut
1235 383 1267 414 is
1296 382 1360 425 qm·
1381 379 1458 421 fuit
1479 380 1606 414 consul
1626 391 1661 415 a.
1683 380 1709 414 3
1730 389 1767 423 p.

64 436 144 483 Cli„
167 444 234 475 aut
254 444 287 475 is
309 443 374 485 qm·
395 453 430 476 a.
446 442 503 475 28.

178 541 293 588 1948
336 543 377 584 C.
409 542 531 582 lulius
569 541 646 581 divi
676 542 775 593 Aug.
807 541 833 580 l.
868 541 874 594 Ι
908 541 1072 581 Niceros
1104 540 1262 581 Vedian.
1293 551 1419 580 acces.
1450 542 1532 586 (sic)
1562 537 1571 592 Ι
1603 538 1769 579 Germa-

63 612 175 652 nico¹
196 611 341 652 Caisar.
372 623 452 651 cos.
484 616 523 650 et
547 608 555 662 Ι
581 609 746 650 Calvisio
767 608 939 648 Sabino¹
971 620 1053 648 cos.
1080 608 1087 660 Ι
1113 607 1211 648 Iulia
1239 607 1284 647 L.
1316 607 1342 647 f.
1372 607 1510 647 Helice
1534 605 1542 660 Ι
1569 606 1642 646 vix.
1674 618 1770 646 ann.

63 678 146 718 XX.
169 677 186 734 ΙΙ
207 679 249 719 C.
281 678 403 719 lulius
431 680 531 730 Aug.
563 678 587 717 l.
619 676 883 716 Amaranthus
909 674 916 729 Ι
942 675 1017 715 sibi
1047 681 1088 715 et
1116 675 1245 715 luliae‘
1268 675 1310 716 C.
1340 675 1366 715 l.
1398 675 1523 715 Clarie
1552 674 1622 728 etl
1649 673 1772 715 Iuliae

65 747 108 788 C.
138 747 165 787 l.
196 745 433 787 Mercatillae
460 743 467 799 Ι
492 744 632 784 delicio
662 755 763 783 meo.
789 742 796 797 Ι
823 742 920 782 Iulia
949 742 1158 782 Euheteria
1185 741 1192 796 Ι
1218 742 1375 783 Helices
1401 749 1540 783 mater.

183 811 316 846 Romae
337 814 378 846 in
401 812 520 845 eodem
544 810 764 844 columbario
786 811 826 842 in
850 809 921 852 quo
936 808 982 842 Ν.
998 809 1088 842 4588
1110 808 1182 851 (VI
1202 809 1299 844 1963.
1321 809 1411 844 5180
1434 809 1527 842 vidit
1548 809 1713 852 Henzen).
1730 827 1774 833 —

69 870 101 911 1)
127 868 359 902 Germanicus
375 867 499 901 consul
520 866 594 906 luit
609 878 641 899 a.
663 877 699 909 p.
718 866 798 900 Chr.
815 866 859 899 42
877 868 912 898 et
926 876 959 899 a.
976 866 1030 908 18,
1055 865 1231 899 Calvisius
1247 865 1402 899 Sabinus
1424 876 1458 899 a.
1473 876 1509 902 u.
1527 877 1557 900 c.
1571 867 1648 908 750,
1671 865 1772 906 filim

65 926 143 958 eius
165 925 321 958 eiusdem
343 925 499 958 nominis
524 922 588 966 (cll
611 933 721 965 supra
745 920 790 955 N.
814 922 901 965 925)
931 933 964 955 a.
986 932 1022 964 p.
1049 922 1130 956 Chr.
1153 922 1211 955 26.
1259 921 1437 955 Videntur
1460 922 1622 965 intellegi
1646 931 1773 955 consu·

67 982 162 1015 lam
184 991 362 1014 annorum
383 981 428 1014 {8
450 983 486 1013 et
505 981 551 1014 26
568 990 607 1022 p.
633 978 714 1012 Chr.

181 1081 294 1128 1949
335 1082 387 1123 Μ.
408 1082 590 1122 Aurelius
611 1082 745 1122 Cottae
771 1080 778 1135 Ι
804 1082 981 1122 Maximi¹
1013 1082 1038 1121 l.
1060 1082 1257 1131 Zosimus,
1285 1082 1291 1135 Ι
1317 1094 1509 1123 accensus
1537 1081 1709 1134 patroni.

368 1150 597 1190 Libertinus
627 1162 756 1199 eram,
788 1150 933 1199 fateor3
960 1148 967 1203 Ι
994 1150 1062 1190 sed
1092 1151 1193 1190 facta
1223 1150 1376 1203 legetur
1400 1148 1407 1204 Ι

427 1224 596 1270 patrono
627 1217 740 1258 Cotta
771 1218 912 1258 nobilis
940 1218 1081 1258 umbra
1111 1230 1211 1258 mea.
1238 1217 1245 1270 Ι

371 1285 448 1332 Qui
478 1286 573 1325 mihi
602 1297 719 1338 saepe
748 1286 878 1326 libens
907 1298 1052 1326 census
1081 1285 1241 1326 donavit
1266 1285 1272 1339 Ι
1299 1285 1515 1338 equestris,

430 1353 497 1405 qui
526 1353 638 1393 iussit
668 1359 783 1394 natos
809 1357 815 1405 Ι
842 1354 1000 1402 tollere,
1031 1365 1133 1405 quos
1162 1353 1284 1393 aleret
1307 1353 1316 1406 Ι

376 1420 524 1472 quique
554 1432 645 1461 suas
674 1421 871 1461 commisit
900 1433 996 1473 opes
1021 1419 1027 1475 Ι
1053 1421 1149 1461 mihi
1179 1433 1358 1474 semper,
1389 1427 1429 1461 et
1458 1421 1560 1460 idem

459 1487 605 1527 dotavit
629 1486 635 1541 Ι
662 1494 772 1528 natas
800 1494 844 1527 ut
873 1495 984 1540 pater
1013 1489 1098 1540 ipse
1128 1501 1255 1538 meas,
1278 1488 1285 1543 Ι

377 1554 667 1606 Cottanumque
696 1567 827 1595 meum
857 1556 1044 1607 produxit
1068 1554 1074 1609 Ι
1102 1556 1257 1596 honore
1286 1556 1458 1605 tribuni,

436 1634 555 1674 quem
583 1623 695 1663 sortis
720 1621 727 1676 Ι
753 1622 890 1662 castris
919 1622 1094 1663 Caesaris
1123 1624 1303 1663 emeruit.
1330 1622 1338 1676 Ι

378 1689 482 1736 Quid
513 1703 592 1730 non
625 1690 737 1730 Cotta
766 1689 901 1730 dedit?
931 1690 999 1742 qui
1030 1702 1140 1730 nunc
1165 1690 1171 1744 Ι
1198 1697 1238 1730 et
1268 1691 1441 1731 carmina
1472 1690 1592 1731 tristis

434 1758 530 1797 haec
560 1757 666 1798 dedit
692 1757 699 1811 Ι
725 1758 765 1797 in
798 1758 949 1798 tumulo
980 1757 1262 1810 conspicienda
1292 1771 1393 1798 meo.
1418 1758 1423 1813 Ι

80 1823 236 1864 Aurelia
266 1824 450 1864 Saturnia
479 1825 634 1865 Zosimi.

194 1890 254 1923 Aa
283 1892 378 1923 uiam
408 1892 563 1934 Appiam
593 1902 668 1935 rep.
697 1893 737 1924 in
768 1901 859 1934 agro
890 1891 1030 1925 Albano
1062 1891 1167 1946 (3er
1182 1892 1278 1925 2298
1309 1891 1421 1925 deser.
1454 1890 1581 1934 Gaui).
1604 1908 1650 1914 —
1677 1892 1710 1932 1)
1742 1889 1791 1924 Μ.

81 1946 252 1979 Aurelius
276 1947 377 1980 Cotta
401 1947 584 1982 Maximus
604 1951 728 1991 postea
752 1949 870 1981 dictus
891 1948 1112 1988 Messalinus,
1137 1947 1262 1981 consul
1284 1946 1359 1987 fuit
1380 1958 1413 1981 a.
1435 1958 1472 1991 p.
1498 1946 1579 1981 Chr.
1601 1948 1658 1981 20.

199 2026 312 2072 195⁰
355 2027 399 2067 L.
431 2028 643 2081 Calpurnio
669 2028 675 2080 Ι
702 2029 804 2069 Calai
831 2027 837 2082 Ι
872 2029 1008 2069 viatori
1038 2029 1249 2077 tribunic.,
1276 2026 1284 2082 Ι
1318 2040 1486 2068 accenso
1516 2039 1538 2067 a
1567 2033 1746 2080 patron.,
1783 2026 1788 2079 Ι

84 2095 188 2136 idem
217 2095 355 2135 allecto
382 2095 389 2148 Ι
415 2095 594 2136 llllllvir.
626 2098 723 2149 Aug.
750 2096 757 2149 Ι
783 2102 912 2137 vetere
943 2096 1184 2144 Fabrateria,
1222 2095 1228 2149 Ι
1255 2102 1294 2136 et
1318 2095 1326 2149 Ι
1351 2095 1498 2135 Baibiai
1523 2093 1530 2148 Ι
1557 2095 1749 2135 Proculae
1783 2095 1789 2149 Ι

86 2160 411 2220 contubern[ali].

201 2230 364 2263 Veronae
390 2229 448 2272 (V
462 2231 554 2264 5554
577 2230 669 2262 vidit
691 2229 913 2273 Mommsen).

202 2309 312 2356 1951
359 2311 403 2350 L.
434 2309 640 2350 Nummius
666 2308 672 2363 Ι
700 2310 741 2350 L.
772 2310 797 2349 l.
830 2309 940 2350 Chilo
966 2311 973 2359 Ι
1000 2321 1190 2349 accensus
1222 2309 1293 2349 bis.

180 2376 320 2417 Romae,
345 2387 441 2410 nunc
466 2376 629 2409 Potsdam
654 2375 729 2418 (VI
748 2376 832 2410 4965
855 2376 947 2409 vidit
971 2375 1190 2419 Mommsen).

205 2456 318 2503 1952
356 2457 400 2497 L.
418 2457 569 2497 Licinio
596 2455 603 2509 Ι
630 2456 834 2497 Secundo¹
860 2454 866 2510 Ι
888 2468 1056 2496 accenso
1079 2454 1087 2511 Ι
1109 2461 1263 2508 patron.
1285 2467 1356 2495 suo
1379 2454 1384 2508 Ι
1407 2455 1451 2495 L.
1475 2455 1599 2495 Licin.
1622 2455 1767 2496 Surae²
1791 2455 1796 2509 Ι

93 2527 206 2579 prim.
237 2525 400 2567 secund.
428 2526 434 2578 Ι
460 2531 550 2565 tert.
582 2537 692 2564 cons.
720 2523 727 2576 Ι
753 2525 857 2571 eius,
899 2523 1079 2563 llllllvir.
1115 2522 1122 2576 Ι
1156 2526 1254 2575 Aug.
1294 2522 1368 2562 col.
1401 2522 1429 2562 1.
1461 2522 1504 2562 V.
1534 2522 1579 2562 T.
1606 2522 1613 2575 Ι
1640 2523 1798 2563 Tarrac.

94 2601 133 2659 et
162 2595 235 2635 col.
267 2594 309 2633 F.
343 2594 370 2633 l.
403 2594 447 2632 Α.
480 2594 519 2632 P.
553 2592 750 2638 Barcin.³‚
778 2590 784 2644 Ι
811 2604 858 2630 ex
888 2592 924 2631 d.
956 2590 993 2629 d.
1024 2590 1133 2630 Barc.

205 2661 409 2694 Barct'none
427 2659 582 2702 (114536
607 2659 678 2691 duo
704 2658 839 2700 lapides
864 2657 983 2690 eadem
1006 2659 1241 2700 inscriptione
1265 2659 1445 2700 inscripti,
1469 2667 1621 2699 quorum
1646 2656 1798 2688 allorum

94 2717 185 2750 vidit
208 2717 400 2757 Huebner).
425 2734 468 2740 —
499 2718 529 2756 1)
555 2715 678 2748 Eidem
705 2714 845 2747 Licinio
878 2713 1041 2747 Secundo
1070 2715 1176 2747 mulli
1206 2714 1273 2747 alii
1304 2714 1403 2746 tituli
1433 2713 1602 2746 simililer
1640 2712 1802 2753 concepti

95 2774 205 2816 positi
227 2775 310 2805 sunt
334 2773 536 2805 Barcinone
561 2771 616 2813 (ll
635 2771 855 2804 4537-4548
880 2770 917 2803 ΙΙ
938 2769 974 2803 S.
990 2770 1083 2804 6148.
1099 2770 1213 2814 6449),
1241 2770 1403 2813 plerique
1434 2770 1478 2802 ab
1504 2768 1705 2801 hominibus
1727 2766 1804 2809 pri—

98 2831 199 2870 vatis,
220 2829 386 2862 nonnulli
397 2840 419 2861 a
431 2829 639 2869 municipiis
652 2827 820 2869 Hispanis
834 2826 891 2859 vel
905 2837 927 2859 a
945 2826 1112 2869 collegiis.
1129 2846 1173 2852 —
1190 2828 1224 2869 2)
1240 2826 1295 2859 Do
1310 2825 1452 2859 Licinio
1470 2824 1565 2859 Sura
1582 2826 1616 2856 et
1631 2822 1675 2854 de
1690 2822 1804 2855 tribus

98 2887 175 2918 eius
197 2887 439 2919 consulatibus
461 2883 507 2924 cll
532 2894 641 2926 supra
659 2881 704 2918 N.
720 2883 821 2916 4022.
838 2901 882 2907 -
907 2884 941 2925 3)
962 2883 1086 2916 sevir-0
1105 2882 1297 2926 Augustali
1320 2882 1480 2915 coloniae
1502 2880 1616 2913 lutiae
1633 2878 1805 2911 Victricis

103 2940 342 2984 Triumphalis
366 2940 430 2984 (cf.
456 2941 618 2974 Huebner
641 2939 676 2974 C.
702 2939 740 2972 ΙΙ
756 2949 792 2982 p.
808 2939 895 2983 558)
923 2938 1138 2973 Tarraconis
1162 2942 1195 2971 et
1220 2938 1380 2971 coloniae
1402 2938 1597 2971 Faventiao
1622 2933 1687 2978 (os.
1715 2933 1805 2967 Ptin.

100 2996 134 3031 Ιι.
157 3008 192 3031 n.
215 2999 251 3039 ὅ,
274 2999 339 3041 22)
363 2998 478 3031 Iuliae
501 2998 685 3038 Aug-ustae
710 2995 795 3028 Piae
819 2994 883 3038 (cll
908 2995 1071 3029 Hubner
1096 2995 1118 3030 1.
1142 3006 1173 3028 c.
1194 3005 1230 3038 p.
1255 2995 1337 3038 599)
1364 2994 1591 3027 Barcinonis.
