1968 3268
141 132 196 170 94
410 111 412 113 Ι
898 134 1017 178 Caput
1040 134 1088 169 11.

255 246 340 292 385
385 248 551 288 Domitia
573 248 757 288 Faustina
770 250 795 297 ¹,
817 249 868 288 M.
889 249 1036 288 Aurelii
1058 248 1233 289 Caesaris
1253 249 1342 297 filia,
1362 249 1457 302 imp.
1472 250 1667 291 Antonini
1687 251 1854 305 Augusti

144 315 201 355 Pii
231 329 271 368 p.
301 328 340 368 p.
373 316 516 368 neptis.
1598 360 1604 366 ,

254 381 385 416 Romae
417 383 457 414 in
487 382 665 415 mausoleo
696 382 874 415 Hadriani
911 382 981 422 (VI
1001 383 1066 416 995
1074 384 1179 416 -995
1187 408 1196 423 ,
1228 385 1386 416 servavit
1416 387 1515 417 velus
1547 384 1659 418 codem
1689 385 1856 420 Einsied-

144 438 277 480 lens-is).
296 457 337 462 —
365 438 476 471 Tituli
497 438 709 481 sepulcrales
734 438 928 471 liberorum
951 438 999 471 M.
1024 438 1167 471 Aurelii
1190 435 1442 478 defunctorum
1465 442 1545 474 vivo
1569 441 1754 475 Antonino
1778 443 1853 484 Pio,

140 498 245 538 patre
268 495 426 528 nondum
449 495 624 537 Augusto.
646 513 688 518 —
716 496 748 535 1)
772 494 963 536 Faustina,
989 495 1031 527 de
1055 497 1157 528 euius
1180 497 1428 538 aegrotatione
1450 496 1595 531 Marcus
1619 498 1749 532 Caesar
1772 510 1854 543 que-

141 553 241 585 ritur
265 555 300 584 et
320 551 509 594 respondet
522 551 661 584 Fronto
687 551 756 594 (ep.
781 551 830 583 ad
845 550 892 584 M.
914 550 1008 586 Caes.
1023 562 1059 594 p.
1075 552 1120 586 72
1144 553 1195 593 ed.
1213 551 1349 595 Naber)
1376 564 1449 587 non
1469 555 1556 587 haec
1577 555 1719 588 videtur
1741 554 1856 596 fuisso

141 608 205 641 sed
225 619 331 641 soror
354 610 430 640 eius
452 608 575 640 Annia
601 607 743 640 Galeria
761 607 911 640 Aurelia
936 608 1116 641 Faustina
1142 609 1411 652 (Ditlenberger
1433 610 1593 644 archiiol.
1617 611 1776 655 Zeimng
1797 613 1855 656 56,

143 664 230 697 4878
247 675 285 707 p.
309 665 403 705 405).

254 754 339 799 386
384 756 434 796 Μ.
466 756 597 796 Annio
630 757 745 803 Ver0‚
773 754 779 810 Ι
806 757 899 808 imp.
935 753 1139 812 Caesari[s]
1168 755 1174 811 Ι
1201 756 1250 797 Μ.
1281 755 1450 814 Aurel[iJ
1482 756 1686 813 Anltonini
1714 761 1813 813 Aug.
1844 759 1850 815 Ι

143 823 365 863 Armeniaci
393 822 399 874 Ι
425 823 565 863 Medici
593 823 775 879 Parthilci
804 825 961 864 maximi
993 831 1031 864 et
1056 823 1062 878 Ι
1089 825 1298 865 Faustinae
1329 826 1427 877 Aug.
1454 824 1461 879 Ι
1487 826 1580 875 filio,
1611 827 1648 866 d.
1675 827 1712 867 d.
1743 841 1783 881 p.
1813 840 1853 881 p.

255 889 445 929 Sufetulae
475 891 515 922 in
542 900 646 932 prov.
676 890 867 933 Byzacena
893 891 999 933 (Epa.
1031 893 1144 934 epigr.
1167 893 1201 934 5,
1225 891 1344 933 4524).
1366 911 1411 916 —
1434 892 1551 926 Natus
1586 896 1639 925 est
1667 895 1726 926 liic
1755 894 1854 935 filius

139 945 188 980 M.
212 946 357 979 Aurelii
380 956 476 979 anno
500 946 583 989 465,
616 946 745 980 Caesar
777 947 894 979 dectus
922 957 954 980 a.
978 947 1040 981 466
1074 949 1174 988 (ante
1198 949 1300 981 cuius
1324 950 1413 982 anni
1434 948 1541 990 finem
1565 949 1693 982 titulus·
1710 953 1854 994 positus

141 1003 191 1034 sit
213 1005 380 1045 oportet),
405 1005 569 1035 mortuus
593 1004 771 1071 septennis
797 1004 875 1043 (vit.
899 1003 1015 1071 Marci
1038 1004 1093 1046 21,
1118 1003 1166 1044 ef.
1190 1004 1325 1037 Eclchel
1344 1004 1376 1047 7,
1398 1006 1475 1047 82).

253 1092 340 1138 387
384 1094 518 1134 Vibiae
549 1096 727 1135 Aureliae
758 1069 963 1143 Sabinae¹‚
1002 1096 1038 1135 d
1072 1096 1191 1136 Marci
1221 1097 1319 1148 Aug.
1351 1097 1390 1145 f.‚
1430 1097 1667 1138 Heliodorus
1705 1098 1773 1138 lib.
1813 1104 1854 1139 et

141 1173 252 1214 proc.
285 1174 324 1214 p.
355 1162 411 1201 u.²

254 1227 386 1260 Romae
411 1229 523 1269 (nuno
539 1228 764 1270 Florentiae)
788 1231 851 1261 sub
876 1232 996 1262 statua
1022 1230 1182 1262 mulieris
1203 1229 1399 1272 (V11020).
1426 1249 1467 1255 -—-
1494 1232 1525 1272 1)
1549 1231 1604 1264 De
1628 1232 1695 1264 hac
1711 1231 1847 1266 Sabina

141 1283 259 1317 Marci
281 1284 423 1317 Aurelii
444 1284 524 1325 filia
555 1283 602 1324 cf.
632 1285 680 1318 ad
704 1285 738 1319 C.
765 1285 856 1319 VIII
874 1286 977 1320 5527.
1031 1287 1181 1320 Aurelia
1207 1286 1313 1320 Vibia
1341 1286 1475 1319 Sabina
1505 1287 1642 1321 dicitur
1674 1289 1713 1321 in
1746 1289 1852 1322 titulo

137 1342 231 1372 servi
254 1340 293 1373 ΙΙ
311 1341 391 1374 455.
415 1360 460 1365 -
485 1342 518 1383 2)
543 1341 765 1375 Procurator
786 1345 918 1386 portus
942 1344 1139 1386 utriusque.

254 1430 341 1475 388
384 1431 518 1471 Vibiae
534 1429 754 1485 Aulrelliae,
777 1430 863 1487 dilvi
880 1434 930 1473 M.
952 1434 993 1481 f..
1015 1433 1091 1472 divi
1110 1431 1115 1487 Ι
1134 1433 1268 1473 Severi
1284 1435 1378 1473 sor.¹
1397 1431 1598 1484 RSabinae,
1613 1432 1619 1489 Ι
1637 1442 1826 1487 patronae
1846 1434 1851 1489 Ι

141 1499 346 1551 municipii
372 1498 378 1552 Ι
406 1497 626 1554 decuri0[n.
654 1498 662 1550 Ι
688 1501 830 1540 decreto
856 1514 896 1553 p.
924 1498 999 1555 p.].

257 1565 420 1599 Calamae
444 1566 625 1608 (Guelma)
650 1569 689 1599 in
705 1565 878 1600 Numidia
904 1567 1013 1607 (VIII
1022 1568 1118 1601 5528
1142 1566 1188 1606 cs:
1204 1578 1240 1610 p.
1256 1569 1351 1609 962).
1372 1587 1417 1592 ——
1444 1569 1476 1610 1)
1501 1567 1616 1602 Soror
1631 1568 1756 1603 Severi
1778 1568 1854 1609 fuit

143 1621 247 1655 Vibia
273 1622 420 1665 Sabina,
445 1634 491 1655 ea:
515 1633 585 1666 quo
610 1623 668 1655 hic
692 1622 790 1663 filius
814 1623 890 1655 divi
913 1623 1031 1656 Marci
1054 1624 1169 1656 voluit
1193 1622 1257 1663 (efl
1283 1624 1332 1656 ad
1354 1623 1397 1658 N.
1414 1624 1508 1666 448).

253 1802 338 1847 389
385 1801 458 1859 [L]
492 1804 650 1844 Aurelio
678 1803 683 1857 Ι
714 1801 966 1859 [C]ommodo
989 1805 1097 1844 Caes.
1125 1806 1132 1855 Ι
1159 1805 1425 1852 Germanico',
1452 1803 1459 1858 Ι
1488 1801 1616 1860 [im]p.
1644 1805 1694 1845 M.
1716 1805 1851 1848 Aureli

140 1871 329 1910 Antonini
358 1872 362 1921 Ι
390 1873 487 1923 Aug.
520 1871 689 1911 Parthie.
721 1873 904 1911 German.
934 1869 938 1925 Ι
970 1870 1149 1927 [pJontif.
1172 1872 1326 1912 maxim.
1359 1885 1397 1925 p.
1419 1885 1472 1924 p.‚
1504 1873 1571 1921 fil„
1598 1871 1605 1927 Ι
1632 1874 1668 1912 d.
1691 1874 1728 1913 d.
1750 1886 1788 1926 p.
1809 1885 1850 1926 p.

253 1937 450 1970 Minturnis
474 1938 655 1979 (Traetto)
683 1937 729 1979 (Χ
750 1938 862 1979 6004).
886 1956 932 1962 -
959 1940 991 1978 1)
1018 1938 1148 1971 Caesar
1173 1938 1291 1971 dictus
1314 1941 1367 1970 est
1383 1938 1592 1972 Commodus
1617 1950 1649 1973 a.
1666 1939 1739 1981 466,
1765 1939 1850 1973 Ger-

139 1993 301 2025 manicus
324 2004 355 2026 a.
381 1994 445 2027 472
471 1996 547 2034 (vit.
572 1994 643 2035 44).
695 1993 834 2026 Titulus
867 1994 1010 2027 videtur
1042 1996 1180 2036 positus
1211 1997 1295 2027 ante
1318 1994 1425 2035 finem
1448 2006 1481 2028 a.
1506 1995 1586 2035 475,
1619 2005 1688 2038 quo
1720 1999 1755 2028 et
1778 1998 1851 2039 ipso

140 2052 173 2081 et
190 2052 299 2092 pater
323 2049 519 2083 Sarmatici
542 2051 633 2083 dicti
656 2053 750 2083 sunt.

251 2139 338 2184 390
371 2138 476 2195 [imp.
513 2141 617 2182 Caes.
646 2140 652 2194 Ι
678 2140 719 2180 L.
750 2141 843 2180 Ater.
880 2140 1082 2181 Commodo
1095 2138 1148 2196 ἸΙ
1175 2143 1273 2193 Aug.
1301 2139 1307 2196 Ι
1337 2138 1480 2196 [Germ.
1513 2139 1657 2196 Sarm]
1669 2144 1694 2190 ¹,
1721 2145 1728 2193 Ι
1755 2144 1847 2196 imp.

141 2220 333 2260 Antonini
359 2222 365 2271 Ι
392 2220 490 2272 Aug.
515 2196 603 2276 [ΙΕΙ
632 2221 638 2273 Ι
664 2233 728 2260 res
759 2219 866 2272 publ.
880 2198 909 2273 Ι
927 2198 1139 2260 Siscianor.

254 2286 390 2320 Sisciae
416 2286 488 2326 (ΙΙΙ
508 2288 627 2328 5968).
651 2306 696 2310 -
723 2287 755 2326 1)
779 2285 918 2318 Rasura
942 2288 1140 2329 perierunt,
1164 2291 1205 2319 ut
1228 2287 1318 2320 vidit
1343 2286 1552 2327 Mommsen,
1577 2289 1724 2321 nomina
1750 2288 1849 2322 Com-

140 2343 246 2377 modi.
294 2344 432 2376 Posilus
456 2345 508 2375 est
533 2343 658 2376 titulus
676 2342 862 2376 Commodo
880 2343 1044 2385 Augusto
1069 2347 1151 2376 ante
1175 2347 1323 2376 mortem
1344 2345 1473 2386 patris,
1495 2343 1536 2376 td
1557 2347 1611 2376 est
1625 2345 1720 2377 inter
1736 2355 1850 2378 annot

139 2399 201 2432 477
225 2402 259 2431 et
280 2400 354 2432 480.

253 2488 341 2533 391
387 2490 579 2529 Victoriae
615 2489 621 2542 Ι
654 2491 746 2542 imp.
779 2491 953 2531 Caesaris
980 2491 1184 2530 Commodi
1211 2496 1217 2544 Ι
1242 2491 1433 2530 Antonini
1459 2491 1557 2542 Aug.
1589 2491 1646 2530 Pii
1676 2490 1845 2546 Felicis}

141 2558 370 2610 Tyrrhenus
399 2557 478 2603 lib„
510 2570 618 2609 proc.
641 2571 723 2610 reg.
751 2556 756 2611 Ι
783 2558 1041 2599 Thevestinae
1071 2559 1161 2598 item
1189 2557 1195 2612 Ι
1223 2557 1449 2598 Pannoniae
1469 2558 1697 2610 superioris,
1724 2559 1730 2609 Ι
1758 2566 1848 2611 voto

140 2637 253 2666 susce
284 2630 336 2664 to,

253 2638 384 2724 gomae
409 2690 478 2731 (VI
498 2691 561 2723 790
587 2690 773 2732 descripsit
796 2701 885 2724 saec.
911 2691 1035 2724 XVIII
1055 2691 1249 2733 Maffiaeius).

253 2781 339 2828 392
383 2795 455 2835 pro
470 2782 595 2822 salute
613 2782 706 2833 imp.
726 2780 729 2833 Ι
749 2781 799 2820 Μ.
815 2782 946 2821 Aureli
964 2783 1166 2822 Commodi
1185 2781 1189 2836 Ι
1208 2781 1397 2822 Antonini
1413 2780 1525 2832 Aug.¹
1546 2779 1552 2836 Ι
1569 2781 1628 2820 Pii
1645 2781 1818 2829 Felicis²‚
1838 2780 1844 2837 Ι

141 2851 284 2891 Libero
316 2850 414 2902 patri
442 2847 448 2902 Ι
475 2849 754 2889 Commodiano
783 2848 788 2899 Ι
815 2861 980 2897 sacrum,
1008 2849 1014 2903 Ι
1041 2850 1152 2890 Iunia
1182 2849 1378 2889 Marciaue
1404 2846 1410 2901 Ι
1437 2860 1483 2887 ex
1513 2854 1602 2888 voto
1633 2849 1738 2888 fecit.

254 2917 296 2949 In
321 2917 431 2949 Portu
454 2915 612 2949 Romano
636 2926 710 2957 rep.
736 2914 841 2954 (XIV
850 2916 921 2956 50).
949 2934 991 2939 —
1019 2918 1048 2956 1)
1072 2916 1193 2948 Etiam
1217 2917 1256 2948 in
1280 2916 1432 2947 nummis
1449 2913 1572 2957 paullo
1592 2916 1677 2956 post
1698 2917 1846 2947 mortem

136 2974 256 3014 patris
281 2972 488 3006 Commodus
512 2972 616 3005 desiit
639 2973 763 3004 vocari
786 2970 826 3003 L.
851 2971 1019 3003 Aurelius
1045 2971 1264 3014 Commodus,
1289 2972 1406 3014 coepit
1427 2972 1552 3003 vocari
1574 2969 1618 3003 M.
1637 2969 1847 3003 Commodus

140 3030 345 3060 Antoninus
371 3028 520 3069 (Eclclzel
545 3029 576 3068 7,
601 3028 673 3061 409.
698 3027 793 3070 455).
842 3026 911 3059 Sub
944 3027 1049 3067 finem
1083 3029 1178 3060 vitae
1210 3037 1338 3060 rursus
1367 3027 1490 3059 vocari
1520 3026 1636 3058 voluit
1657 3025 1697 3060 L.
1722 3026 1846 3059 Aelius
