1968 3268
439 135 555 172 Tituli
576 135 836 182 imperatorum
859 135 1059 182 domusque
1082 135 1351 182 imperatoriae.
1693 137 1745 175 29

39 252 84 284 ut
111 250 181 294 ait,
223 250 265 283 in
289 253 397 293 porta
422 243 562 293 Papia',
593 251 667 282 sive
692 252 815 292 potius
840 250 880 283 in
898 255 1008 292 porta
1031 250 1174 293 aliqua,
1206 249 1264 282 vel
1285 261 1389 292 arcu,
1419 252 1600 294 Papia(e),
1633 252 1674 286 id
1694 255 1748 286 eet

39 303 170 341 Pa'viae
183 307 257 340 sive
275 305 394 340 Rcini
412 307 627 349 (sequuntur
642 308 893 350 inscriptiones
909 309 1107 351 complures
1120 309 1197 340 sine
1213 307 1321 340 dubio
1341 306 1571 350 Ticinenses),
1589 311 1747 342 servavit

40 365 158 396 autem
173 361 352 406 confusas,
375 365 447 396 tres
468 364 721 406 inscriptiones
744 364 913 397 exhibens
933 375 1001 408 pro
1026 364 1154 405 decem,
1178 364 1252 397 sic.-
1276 364 1395 406 (4-4)
1413 364 1538 398 Neroni
1560 364 1646 399 lulio
1671 365 1703 400 d.
1722 366 1746 402 s.

40 418 239 454 Germanico
262 418 315 453 Ti.
338 420 473 454 Caesari
498 419 686 453 Germanici
709 420 854 463 Augusti
878 421 995 464 nepoti
1020 420 1105 454 lulio
1130 420 1157 454 11
1180 420 1204 454 f.
1221 420 1367 464 Augusti
1392 420 1415 455 s.
1432 424 1516 462 cet„
1545 423 1594 463 (5.
1608 424 1644 465 6)
1662 422 1745 467 imp.

40 475 174 510 Caesari
189 475 297 510 Liviui
314 476 383 510 diui
400 476 424 510 f.
440 478 597 520 Augusto
613 475 711 510 Drusi
729 476 752 510 s.
770 476 923 521 pontific.
940 477 1087 511 maximo
1113 477 1210 511 uxori
1227 477 1380 512 Caesaris
1396 479 1484 521 Aug.
1502 481 1577 522 eet„
1602 479 1746 520 (7-40)

42 533 188 568 Caesari.
210 534 234 569 i.
251 533 385 567 Caesari
402 532 509 567 Druso
525 533 608 566 lulio
626 531 679 568 Ti.
696 532 837 568 Claudio
861 538 925 568 cet.
967 534 1092 567 Decem
1117 534 1243 568 titulos
1265 545 1347 578 esse,
1370 546 1443 569 non
1466 538 1539 568 tres
1559 539 1745 580 perspexit

39 590 247 634 Mommsen,
278 591 527 633 ordinavitque
555 589 721 623 Berichte
752 590 816 623 der
844 592 959 624 sa‘chs.
994 591 1176 625 Gesellsch.
1210 591 1243 625 d.
1281 591 1382 626 Wiss.
1414 592 1502 626 4850
1533 604 1569 636 p.
1595 594 1664 628 545
1674 605 1745 637 seq.

41 648 215 689 (V6416,·
239 648 293 682 VI
307 658 344 690 p.
368 647 461 690 XV).
510 646 684 679 Habemus
707 648 763 680 his
786 647 904 680 decem
929 648 1060 689 titulis,
1099 659 1187 691 quos
1215 651 1417 692 suppositos
1450 647 1566 689 fuisse
1596 651 1743 684 totidem

39 705 169 737 statut}
197 704 403 748 putandum
430 707 497 744 est,
533 705 746 736 honoratam
782 707 892 737 totam
925 704 1068 737 domum
1096 706 1270 748 Augusti,
1305 705 1443 739 seilicet
1471 708 1588 749 ipsum
1619 708 1671 748 (n.
1693 709 1746 749 5),

39 771 191 795 umorem
215 762 266 802 (n.
281 763 332 804 6),
353 760 450 802 filios
466 764 537 794 tam
552 759 739 800 defunctos
757 761 792 794 C.
812 764 847 793 et
861 761 901 794 L.
918 760 1084 794 Caesares
1102 763 1152 802 (n.
1169 762 1199 795 7.
1208 763 1246 804 8)
1272 773 1379 804 quam
1401 773 1516 806 nuper
1533 763 1744 807 adoptatum

44 816 224 851 Tiberium
247 819 299 858 (n.
313 819 351 858 4)
375 827 455 850 cum
478 819 584 850 huius
606 817 694 856 filiis
718 818 769 858 (n.
793 819 829 852 5.
845 819 885 859 2)
910 819 1164 861 nepotibusque
1187 821 1239 859 (n.
1263 819 1294 852 4.
1309 821 1368 862 9),·
1401 822 1550 852 accessit
1574 820 1745 854 Claudius

39 876 92 915 (n.
101 873 160 916 40)
172 875 235 918 qui
242 878 364 917 postea
376 875 576 917 imperavit,
596 873 802 908 Germanici
811 873 941 918 frater,
954 875 1043 908 alibi
1054 885 1195 918 quoque
1207 876 1330 909 domui
1343 877 1501 919 Augusti
1512 877 1748 911 adnumerari

37 931 183 972 solitus,-
217 930 467 964 desiderantur
498 930 592 963 Iulia
627 933 662 963 et
691 932 856 974 Agrippa
887 933 1074 965 Postumus
1109 943 1149 966 eo
1181 935 1340 975 tempore
1375 943 1444 975 quo
1478 937 1745 967 monumentum

33 987 194 1030 positum
223 990 275 1020 est
305 987 367 1028 (cfi
397 991 470 1022 not.
493 988 534 1030 2)
573 987 733 1020 abdicati
763 991 798 1020 et
827 992 1000 1022 extorres.
1035 1008 1082 1013 —
1119 990 1152 1028 1)
1182 989 1236 1022 De
1265 990 1477 1022 sacerdotiis
1505 991 1663 1032 Augusti
1693 989 1743 1030 cf.

37 1053 131 1077 mon.
147 1043 239 1077 Ane.
257 1043 379 1079 Graec.
391 1046 457 1086 4,5
473 1054 552 1077 cum
570 1054 692 1077 comm.
714 1043 921 1077 Mommseni
932 1055 971 1087 p.
985 1046 1034 1079 52
1041 1058 1054 1086 ,-
1076 1047 1116 1078 in
1133 1046 1248 1079 titulis
1271 1047 1342 1088 ipsi
1362 1048 1489 1088 positis
1511 1057 1599 1079 raro
1615 1057 1741 1080 memo-

37 1101 169 1132 rantur
191 1101 351 1143 (praeter
369 1100 637 1143 pontificatum)
663 1099 709 1140 cll
723 1099 793 1136 Mo.
811 1101 962 1135 Staalsr.
976 1101 1082 1145 11211.
1095 1102 1169 1136 756.
1187 1121 1232 1126 —
1256 1104 1290 1143 2)
1316 1103 1381 1136 Iul.
1393 1104 1488 1146 760s4
1503 1104 1553 1146 (p.
1568 1103 1648 1137 Chr.
1659 1104 1744 1149 7l8).

37 1173 84 1180 —-
107 1155 141 1198 3)
165 1155 336 1196 Pontifex
356 1155 431 1196 fuit
458 1156 620 1200 Tiberius
642 1159 715 1191 iam
739 1161 823 1191 ante
844 1160 1001 1202 primum
1026 1159 1268 1200 consulatum,
1293 1160 1334 1192 id
1355 1162 1408 1192 est
1430 1162 1512 1193 ante
1536 1171 1568 1195 a.
1593 1161 1653 1194 744
1679 1160 1744 1202 (cll

37 1209 140 1252 infra
155 1211 203 1247 Ν.
217 1213 307 1256 446).
324 1232 365 1237 -
385 1214 419 1254 4)
436 1223 505 1248 cos.
523 1219 582 1247 ter.
600 1217 635 1247 et
649 1224 735 1248 mox
759 1215 958 1249 tribuniciae
977 1218 1047 1259 pot.
1067 1215 1135 1249 vlu
1152 1216 1322 1250 traditur.
1374 1215 1426 1249 Ti.
1442 1216 1539 1250 Nero
1552 1219 1747 1261 privignus

37 1269 205 1313 Augusti,
228 1269 420 1313 adoptatus
438 1282 460 1303 a
477 1273 606 1304 vitrico
622 1271 655 1306 d.
671 1272 717 1306 26
732 1271 811 1305 Iun.
827 1272 890 1306 757
908 1271 1008 1313 (fast.
1024 1273 1145 1313 Amit„
1164 1271 1212 1313 cf.
1231 1273 1265 1307 C.
1278 1274 1297 1307 1
1308 1284 1344 1317 p.
1357 1275 1442 1316 595)
1459 1274 1613 1317 indeque
1628 1275 1746 1308 dictus

42 1323 95 1359 Τι’.
119 1324 258 1367 Caesar,
280 1327 389 1360 simul
409 1327 545 1370 collega
568 1326 688 1367 factus
712 1331 764 1361 est
786 1330 949 1371 Augusto
979 1331 1020 1362 in
1043 1331 1238 1362 tribunicc‘a
1257 1333 1432 1373 potestate
1456 1331 1563 1371 (Vell.
1587 1332 1622 1372 2,
1647 1332 1743 1376 405),

38 1391 144 1425 quam
159 1384 231 1415 iam
253 1386 361 1416 antea
377 1385 554 1417 habuerat
566 1395 631 1426 per
647 1386 939 1428 quinquennium.
975 1387 1082 1419 Anno
1098 1388 1217 1428 igitur
1231 1387 1326 1428 7601‘4
1343 1385 1419 1426 fuit
1435 1389 1629 1421 tribunicia
1643 1392 1744 1432 pote-

38 1440 128 1471 state
147 1449 220 1471 non
237 1439 333 1481 VIII,
357 1440 420 1472 sed
435 1440 550 1479 V1111‚
574 1442 699 1474 consul
721 1444 839 1474 autern
863 1443 987 1482 suerat
1007 1453 1081 1476 non
1105 1447 1169 1484 ter,
1192 1444 1255 1477 sed
1276 1446 1408 1478 iterum
1432 1447 1482 1485 (a.
1504 1446 1576 1479 744.
1592 1446 1682 1488 747).
1700 1464 1745 1470 —

41 1496 75 1534 5)
91 1494 205 1528 Valde
220 1495 370 1536 offendit
384 1497 511 1540 copula
527 1497 666 1531 adiecta
685 1499 855 1531 vocabulo
872 1502 1036 1542 auguris,
1055 1503 1242 1544 possisque
1259 1503 1419 1543 cogitare
1434 1503 1475 1534 in
1492 1501 1609 1544 lapide
1631 1501 1746 1542 fuisse

39 1552 159 1595 auguri
175 1552 455 1596 qu[indecimviro
473 1562 500 1586 s·
518 1553 564 1594 s.].
582 1573 627 1577 —
643 1555 676 1595 6)
695 1554 730 1588 C'.
748 1555 888 1597 Caesar,
904 1559 1011 1588 natus
1028 1567 1061 1590 a.
1077 1558 1153 1600 754,
1171 1558 1362 1600 adoptatus
1378 1560 1421 1591 ah
1439 1560 1604 1600 Augusto
1620 1570 1652 1593 a.
1669 1559 1746 1601 757,

40 1606 231 1648 defunctus
254 1609 288 1644 d.
311 1609 355 1643 24
371 1609 476 1642 Febr.
491 1609 556 1642 757
581 1611 630 1652 (p.
650 1610 684 1644 C.
700 1614 720 1643 4
728 1624 742 1652 ,·
766 1611 811 1650 cf,
835 1610 938 1651 infra
961 1612 1006 1646 Ν.
1019 1613 1081 1646 440
1105 1625 1136 1646 υ.
1153 1615 1229 1655 25),
1254 1615 1278 1647 i.
1305 1626 1332 1647 e.
1359 1616 1472 1647 tribus
1494 1614 1550 1647 vet
1573 1617 1746 1657 quattuor

39 1666 146 1697 annis
168 1668 251 1698 ante
274 1666 341 1698 hoc
364 1669 627 1698 monumentum
651 1667 864 1709 dedicatum,
890 1669 1015 1701 consul
1035 1667 1159 1708 fuerat
1179 1681 1212 1703 α.
1229 1672 1303 1711 754,
1326 1672 1523 1713 imperator
1545 1670 1746 1714 appellatus

38 1724 118 1754 erat
140 1732 172 1755 a.
188 1721 254 1755 756
268 1723 455 1764 Artagiris
471 1724 586 1765 captis
601 1723 688 1762 (Dio
703 1726 760 1768 55,
776 1726 828 1768 40,
853 1725 900 1765 cf.
924 1723 1026 1764 infra
1044 1725 1088 1758 N.
1104 1727 1166 1759 440
1181 1738 1211 1760 υ.
1230 1727 1298 1768 40).
1347 1728 1526 1770 Principis
1546 1730 1746 1761 iuventutis

1 1810 5 1814 ,
39 1776 289 1820 apellationem
296 1803 307 1820 ,
339 1780 511 1812 tributam
543 1780 577 1811 ei
600 1790 633 1814 a.
652 1781 717 1813 748
738 1782 795 1814 vel
815 1782 895 1823 749,
927 1782 1096 1815 videntur
1128 1783 1327 1826 deposuisse
1359 1795 1438 1816 cum
1470 1784 1595 1817 consul
1622 1783 1743 1824 factus

39 1837 107 1877 est,
135 1836 256 1878 utpote
284 1839 476 1878 equestrem
507 1835 623 1878 (Mo)
646 1856 691 1860 —
722 1838 755 1879 7)
786 1837 824 1871 L.
852 1838 1000 1880 Caesar,
1031 1843 1139 1872 natus
1171 1851 1203 1873 a.
1227 1840 1293 1874 737
1316 1843 1351 1872 et
1372 1851 1459 1873 moa:
1482 1840 1674 1884 adoptatus
1697 1842 1741 1874 ab

38 1891 200 1934 Augusto
224 1893 314 1925 obiit
328 1892 361 1924 d.
376 1892 422 1925 20
438 1893 530 1934 Aug.
546 1892 624 1934 755,
648 1893 773 1926 consul
788 1894 1006 1936 designatus.
1024 1915 1069 1920 —
1090 1897 1124 1937 8)
1143 1895 1385 1939 Germanicus,
1410 1897 1523 1930 Drusi
1541 1897 1745 1931 Germanici

39 1947 150 1990 filius,
181 1950 288 1982 natus
310 1960 344 1983 a.
369 1959 404 1982 u.
430 1959 458 1982 c.
482 1950 567 1991 759,
598 1949 789 1993 adoptatus
820 1962 842 1983 a
871 1950 1012 1985 Tiberio
1036 1955 1135 1985 iussu
1159 1954 1318 1995 Augusti
1341 1963 1436 1986 anno
1456 1963 1494 1996 p.
1521 1954 1556 1987 C.
1580 1956 1600 1987 4
1623 1956 1744 1998 itaque

38 2002 159 2044 sactus
182 2005 339 2047 Augusti
360 2015 486 2048 nepos,
516 2009 591 2039 tum
616 2016 696 2039 eum
723 2007 851 2040 titulus
879 2009 1017 2050 positus
1050 2011 1101 2041 est
1130 2010 1281 2043 honores
1310 2020 1383 2042 non
1409 2013 1571 2052 gesserat
1598 2015 1745 2054 praeter

39 2064 267 2103 quaesturam
282 2061 370 2101 (Dio
384 2063 440 2102 55,
455 2062 530 2104 54),
554 2062 634 2095 ideo
657 2061 812 2102 sortasse
835 2074 907 2097 non
932 2069 1241 2099 commemoratam
1267 2067 1363 2109 quod
1387 2067 1562 2109 dignitate
1585 2066 1745 2107 inferior

38 2119 127 2149 erat.
174 2115 270 2150 Nota
287 2117 418 2150 Iulium
434 2128 572 2159 nomen,
595 2119 634 2151 in
655 2119 758 2152 domo
775 2120 934 2162 Augusti
954 2122 1162 2165 plerumque
1187 2125 1368 2164 omissum,
1395 2125 1453 2156 hic
1475 2128 1650 2168 usurpari
1671 2136 1743 2159 non

38 2174 78 2205 in
99 2172 198 2216 filiis,
220 2173 282 2206 sed
303 2175 343 2206 in
366 2175 551 2216 nepotibus
570 2177 894 2220 pronepotibusque
918 2180 994 2210 eius
1017 2177 1080 2218 ((-ΙΣ
1105 2179 1173 2212 Μο.
1200 2179 1351 2213 Staatsr.
1371 2179 1431 2214 11²
1448 2191 1486 2223 p.
1510 2182 1574 2215 742
1598 2184 1672 2215 not.
1690 2184 1743 2224 2).

0 2231 2 2233 ’
37 2249 83 2255 —
106 2231 142 2270 9)
164 2230 306 2263 Drusus
334 2229 386 2263 Τι’.
409 2228 455 2272 fi,
485 2233 591 2263 natus
615 2242 648 2264 a.
671 2233 738 2266 759
762 2233 816 2265 vel
833 2234 960 2276 paullo
981 2237 1103 2277 postea
1130 2234 1193 2275 (cfi
1219 2235 1287 2269 Μο.
1309 2237 1423 2270 Herm.
1441 2237 1481 2270 47
1494 2248 1531 2280 p.
1547 2239 1642 2279 654),
1667 2241 1742 2271 tum

0 2310 1 2313 η
38 2295 116 2318 cum
149 2286 277 2319 titulus
302 2288 440 2330 positus
471 2289 523 2319 est
553 2288 704 2321 honores
727 2289 886 2322 nondum
905 2294 1082 2333 gesserat,
1114 2294 1282 2334 quaestor
1311 2292 1431 2333 sactus
1463 2304 1558 2327 anno
1577 2305 1615 2337 p.
1644 2294 1678 2328 C.
1702 2295 1741 2329 44

0 2332 10 2384 sv
38 2342 126 2383 (Dio
147 2343 203 2386 56,
224 2344 300 2385 25).
331 2362 376 2367 -
411 2344 464 2385 10)
488 2342 584 2376 Nero
611 2343 815 2378 Germanici
842 2346 957 2387 filius,
990 2357 1070 2379 cum
1098 2350 1218 2390 togam
1250 2349 1392 2381 virilem
1422 2353 1613 2393 sumpserit
1646 2362 1742 2386 anno

0 2409 73 2443 ς-’.Ρ
98 2398 133 2433 G.
155 2400 202 2433 20
226 2398 330 2439 (XIV
348 2400 442 2440 244),
464 2402 571 2432 natus
595 2411 666 2432 esse
688 2401 830 2434 videtur
861 2405 957 2435 circa
982 2414 1015 2437 a.
1038 2405 1079 2446 5,
1103 2403 1222 2443 frater
1246 2406 1322 2437 eius
1345 2404 1502 2447 Drusus,
1535 2409 1598 2450 qui
1621 2411 1742 2451 togam

0 2479 5 2483 -
38 2455 179 2488 virilem
206 2458 356 2499 sumpsit
389 2467 422 2491 a.
450 2457 518 2499 25,
545 2457 675 2499 paucis
705 2459 883 2491 mensibus
910 2462 991 2491 ante
1019 2460 1083 2492 hos
1110 2461 1235 2494 titulos
1260 2463 1406 2504 positos.
1460 2463 1593 2497 Mirum
1623 2468 1740 2498 autem

0 2525 7 2550 f·
39 2513 92 2543 est
118 2512 159 2543 in
188 2512 244 2544 his
261 2515 500 2556 pronepotum
523 2513 683 2554 Augusti
713 2513 829 2547 tt‘tulis
852 2516 1017 2548 omissam
1042 2527 1113 2549 esse
1141 2519 1352 2551 mentionem
1384 2521 1446 2552 avi
1480 2520 1629 2562 Tiberii,
1662 2532 1741 2554 cum

11 2558 14 2560 v
38 2567 172 2600 abavus
187 2568 289 2601 divus
303 2568 418 2601 Iulius
432 2568 511 2601 ideo
529 2570 606 2601 sine
630 2569 737 2602 dubio
762 2580 834 2603 non
858 2575 1073 2605 memoretur
1097 2574 1194 2616 quod
1216 2574 1402 2618 adnepotis
1424 2577 1633 2610 vocabulum
1659 2581 1742 2610 tunc

37 2622 194 2656 nondum
210 2624 250 2656 in
264 2634 332 2656 usu
349 2627 435 2659 erat.
453 2644 498 2648 —
517 2627 571 2665 11)
589 2625 720 2658 Mirum
739 2626 833 2659 hunc
848 2627 1019 2671 Drusum,
1036 2631 1138 2663 cuius
1154 2631 1259 2664 habes
1274 2630 1376 2671 infra
1390 2633 1516 2666 titulos
1528 2632 1572 2666 N.
1586 2634 1651 2667 485
1659 2645 1742 2676 seq„

37 2677 98 2711 hie
115 2689 185 2722 pro
211 2679 359 2713 Caesare
380 2680 455 2713 dici
480 2680 729 2715 Germanicum
753 2682 816 2723 (cf.
843 2683 912 2718 Mo.
937 2685 1089 2719 Staatsr.
1113 2686 1175 2719 11²
1194 2698 1229 2730 p.
1248 2689 1310 2722 746
1326 2692 1397 2722 not.
1414 2691 1461 2729 4).
1489 2708 1529 2713 -
1558 2691 1612 2731 12)
1639 2690 1740 2723 Clau-

0 2738 13 2785 ᾗ.
40 2733 136 2777 dius,
159 2738 266 2768 natus
289 2747 322 2769 a.
337 2737 398 2770 744
423 2738 522 2776 (ante
548 2737 627 2771 Chr.
651 2738 722 2781 40),
746 2742 947 2781 auguratus
969 2742 1209 2775 sacerdotium
1234 2745 1277 2776 ab
1303 2746 1467 2787 Augusto
1491 2745 1603 2784 (Suet.
1631 2746 1679 2779 CI.
1703 2748 1742 2786 4)

0 2786 19 2851 :5
37 2791 119 2833 post
139 2791 232 2824 hunc
257 2792 399 2825 titulum
421 2796 576 2836 positum
600 2797 775 2838 accepisse
793 2797 977 2838 putandus
1000 2800 1061 2832 est.

0 2852 14 2961 ε
39 2881 238 2924 amptum
262 2884 361 2923 (nam
384 2885 582 2927 eoeemptum
611 2887 728 2916 minus
746 2885 891 2927 plenum
923 2889 1081 2921 innotuit
1109 2890 1251 2922 saeculo
1277 2890 1341 2924 XV
1367 2892 1501 2933 I’oggio
1526 2891 1739 2925 Florentino

39 2937 76 2969 os
86 2946 153 2979 per
167 2938 261 2971 hune
277 2940 358 2972 aliis
378 2942 468 2974 viris
485 2941 614 2979 doctis)
639 2944 790 2982 egerunt
807 2941 998 2976 Mommsen
1018 2944 1178 2978 Berichte
1195 2946 1228 2978 d.
1245 2947 1357 2979 siit-hs.
1375 2947 1558 2980 Gesellsch.
1579 2947 1612 2980 d.
1636 2947 1739 2982 Wiss.

0 2966 17 3034 Ξ
39 2991 126 3026 4880
137 3003 174 3036 p.
190 2994 352 3038 287seq.;
377 2997 514 3029 Henzen
535 2996 568 3030 C.
588 2997 650 3037 Vl,
666 2996 683 3029 4
699 3007 734 3039 p.
753 2997 803 3031 IX
807 3010 820 3038 ‚·
843 2999 885 3031 de
902 2998 1004 3033 Rossi
1020 3003 1127 3034 inser.
1146 3003 1218 3034 chr.
1237 3003 1336 3034 urbis
1353 3001 1483 3035 Bonum
1500 3003 1537 3036 ΙΙ
1550 3003 1567 3036 4
1582 3014 1616 3046 p.
1634 3005 1736 3048 9seq.

0 3139 43 3268 i
