1968 3268
140 96 221 135 328
382 118 384 121 -
891 97 1009 144 Caput
1031 97 1093 134 VI.

252 209 364 256 1497
408 213 445 252 d.
466 225 519 252 m.
537 210 542 267 Ι
561 213 604 252 Τ.
626 213 757 252 Flavio
778 214 875 264 Aug.
898 212 965 252 lib.
985 211 990 267 Ι
1009 212 1148 253 Ceriali
1169 212 1288 254 tabul.
1315 211 1321 267 Ι
1346 226 1429 267 reg.
1450 214 1597 265 Picen.,
1623 212 1631 270 Ι
1657 214 1838 257 Phoenix

143 277 252 320 Caes.
283 292 322 318 n.
351 280 356 331 Ι
383 292 459 320 ser.
490 280 568 319 filio
599 279 775 331 pientiss.
803 278 808 334 Ι
837 286 875 319 et
904 280 946 319 P.
977 279 1114 321 Iunius
1138 279 1145 334 Ι
1171 280 1387 322 Frontinus
1412 281 1418 334 Ι
1445 282 1555 323 fratri
1585 283 1796 324 dulcissim.
1826 281 1839 339 Ι

143 351 183 386 et
213 345 390 386 Celerina
420 359 546 388 soror.

256 412 396 456 Romae,
420 423 515 446 nnnc
539 414 688 447 Parisiis
713 413 785 456 (VI
795 415 883 447 8580
906 414 999 447 vidit
1021 414 1194 458 Henzen).

259 512 372 558 1498
414 515 451 554 d.
473 528 524 554 m.
547 529 577 555 s.
605 514 611 569 Ι
638 515 683 554 Τ.
705 515 836 555 Aelius
856 517 954 568 Aug.
976 516 1043 556 lib.
1071 515 1077 569 Ι
1103 516 1274 572 Libycus
1303 516 1422 556 adiut.
1441 514 1447 571 Ι
1465 515 1585 556 tabul.
1605 516 1674 556 ad¹
1695 514 1842 572 men.²l

144 582 428 631 Thisiduensi³,
459 583 533 622 vix.
561 581 568 637 Ι
594 595 685 622 ann.
717 582 918 632 LXXVIII,
947 582 952 638 Ι
979 585 1016 624 h.
1047 598 1077 625 s.
1109 598 1143 625 e.

241 650 244 653 ’
260 647 478 691 Carthagine
500 659 572 692 rep.
597 650 636 682 in
661 649 772 682 altero
789 653 872 682 utro
890 662 1012 684 eorum
1027 651 1316 695 sepulcretorum,
1340 650 1383 684 de
1398 651 1525 693 quibus
1540 649 1620 683 dimi
1635 650 1683 683 ad
1696 648 1741 684 N.
1757 649 1849 683 448⁶*-

147 703 252 746 (VIII
275 703 310 737 S.
337 705 446 739 15488
480 704 617 748 Cagnat
647 706 740 738 vidit
767 708 960 751 ectypum).
993 727 1037 733 —
1073 709 1104 750 1)
1127 708 1170 740 In
1195 707 1313 750 lapide
1336 717 1408 739 esse
1431 706 1473 740 ab
1497 706 1649 739 coniecit
1672 704 1844 740 Schmidt.

147 778 191 784 -
217 761 250 802 2)
274 760 405 794 Mensa.
429 780 473 786 —
498 762 532 804 3)
560 761 729 795 Thisiduo
755 763 922 805 oppidum
946 762 1095 803 Africae
1120 763 1183 805 (esi
1211 763 1244 797 C.
1271 763 1362 797 VIII
1382 762 1417 796 S.
1438 773 1474 805 p.
1499 763 1611 803 1436).

259 860 371 906 1499
414 863 443 902 1.
476 876 511 903 ο.
542 876 593 903 m.
625 865 683 904 D.¹
711 863 717 917 Ι
745 864 930 917 Didymus
959 865 1127 918 Auggg.²
1162 866 1227 905 lib.
1263 864 1270 919 Ι
1303 878 1350 905 ex
1390 864 1578 905 nummul.
1614 876 1653 916 p.
1683 863 1725 903 P.
1755 862 1805 903 s.⁸
1834 859 1843 917 Ι

148 942 222 982 pro
252 931 375 971 salute
405 942 474 971 sua
505 937 543 971 et
567 929 573 984 Ι
601 932 779 972 Aureliae
806 931 812 986 Ι
840 932 1094 973 Alexandriae
1119 931 1125 986 Ι
1153 933 1332 986 coniugis
1358 932 1364 986 Ι
1392 929 1459 989 [υ.]
1494 945 1525 972 s.
1555 931 1580 971 l.
1612 943 1677 979 m.,
1702 928 1711 985 Ι
1736 930 1851 983 Apro

147 1003 186 1038 et
215 998 382 1038 Maximo
412 999 508 1038 cos.⁴⁴

264 1065 475 1098 Poetovione
506 1065 579 1105 (111
598 1066 686 1099 4035
717 1065 807 1098 vidie
829 1065 1047 1108 Mommsen).
1076 1086 1119 1091 —-
1153 1067 1183 1108 1)
1208 1067 1285 1099 Iovi
1314 1067 1445 1109 optimo
1469 1066 1626 1098 maximo
1650 1064 1851 1098 Delie-lieno

151 1120 242 1164 (vel:
274 1121 472 1164 depulsori,
504 1119 550 1160 cf.
576 1121 633 1154 III
651 1121 802 1163 4055s4).
827 1141 874 1147 —
903 1124 937 1164 2)
965 1121 1085 1156 Tertia
1110 1133 1132 1166 g
1158 1124 1341 1165 pertinens
1365 1123 1412 1155 ad
1436 1121 1558 1155 Getam
1589 1132 1691 1154 erasa
1717 1123 1778 1155 est.
1801 1137 1846 1146 -

150 1178 184 1220 3)
209 1177 269 1210 Ea:
292 1177 531 1210 nummulario
551 1179 762 1220 provinciae
785 1179 991 1212 Pannoniae
1014 1179 1222 1222 superioris.
1245 1197 1291 1203 -—
1314 1180 1348 1220 4)
1372 1179 1415 1212 A.
1439 1177 1516 1212 207.

266 1267 379 1314 1500
422 1269 466 1308 Τ.
498 1269 627 1308 Flavio
653 1267 660 1323 Ι
687 1269 849 1310 Palatin.
884 1268 891 1323 Ι
927 1270 1142 1319 Fusciano,
1170 1269 1176 1322 Ι
1203 1269 1386 1310 TertioH¹
1417 1269 1515 1322 Aug.
1552 1267 1619 1308 lib.
1646 1269 1654 1319 Ι
1679 1268 1852 1321 proxim.

151 1337 328 1377 rational.
356 1335 363 1390 Ι
390 1342 428 1377 et
456 1349 476 1376 a
507 1338 786 1378 commentaris
812 1336 819 1392 Ι
844 1339 1021 1391 provinc.
1052 1337 1230 1389 Belgicae
1256 1336 1263 1390 Ι
1289 1337 1367 1377 filio
1404 1335 1661 1390 pientissimo,
1687 1333 1694 1389 Ι
1719 1334 1852 1375 Flavia

153 1406 293 1445 Irene²
322 1405 586 1445 infelicissima
612 1404 618 1458 Ι
645 1411 769 1445 mater
799 1406 890 1446 fecit
915 1413 954 1445 et
981 1405 1056 1446 sibi
1086 1411 1125 1444 et
1154 1405 1247 1454 suis,
1274 1403 1280 1458 Ι
1305 1405 1380 1444 vix.
1411 1417 1503 1446 ann.
1524 1402 1625 1443 XXV
1654 1414 1706 1442 m.
1722 1401 1790 1441 Vll
1810 1401 1848 1442 d.

156 1472 326 1512 XXVIII.
353 1470 360 1527 Ι
387 1472 433 1512 Η.
465 1485 516 1512 m.
547 1473 586 1512 h.
618 1485 658 1512 n.
689 1485 721 1512 s.

269 1540 383 1582 Prope
405 1539 572 1572 Formias
603 1538 654 1580 (X
673 1540 760 1573 6092
795 1540 846 1571 bis
878 1539 1054 1582 descripta
1076 1548 1166 1572 saec.
1189 1537 1302 1582 XVI).
1325 1556 1370 1562 —-
1402 1539 1433 1580 1)
1456 1537 1583 1572 Tertio.
1607 1536 1633 1570 li
1655 1536 1713 1570 vel
1721 1526 1857 1570 Tertio

154 1596 188 1628 L.
214 1595 237 1629 f.
262 1596 482 1639 apographa.
506 1614 551 1620 -—
576 1597 609 1638 2)
632 1596 767 1629 Eadem
797 1597 839 1628 ut
868 1595 1011 1628 videtur
1034 1595 1163 1628 Flavia
1189 1595 1290 1628 Irene
1312 1596 1363 1627 est
1393 1592 1495 1634 infra
1517 1592 1563 1628 N.
1587 1592 1669 1627 4647
1695 1593 1857 1634 (monuit

156 1652 321 1694 Gudius).

270 1752 377 1799 1501
424 1754 482 1794 dis
512 1754 692 1795 manibus
725 1751 732 1808 Ι
767 1754 899 1794 Coeno
931 1754 1092 1804 August.
1123 1765 1245 1792 arcar.
1281 1752 1287 1805 Ι
1321 1752 1546 1805 provinciae
1576 1727 1757 1805 Belgicae
1780 1754 1786 1803 Ι
1813 1757 1859 1792 et.

156 1822 374 1863 Homulliae
405 1822 670 1875 Coenillaevet
695 1820 701 1875 Ι
730 1821 770 1861 C.
801 1821 899 1860 lulio
931 1821 1098 1860 Proculo
1129 1821 1203 1860 filis
1233 1820 1327 1869 eius,
1354 1818 1360 1875 Ι
1388 1819 1552 1860 Caninia
1582 1819 1730 1872 Helpis.

269 1889 400 1922 Romae
424 1888 591 1929 (V18574
614 1888 705 1921 vidit
726 1887 896 1929 Henzen).

269 1990 383 2036 1502
426 1991 462 2030 d.
492 2003 544 2030 m.
575 2003 606 2031 s.
633 1987 640 2045 Ι
666 1990 785 2030 Iuliae
816 1989 943 2029 lustae
973 1989 1190 2029 Antiochus
1219 1989 1318 2041 Aug.
1346 1988 1352 2043 Ι
1378 2003 1418 2029 n.
1451 1989 1738 2038 Lucconianus,
1768 1988 1858 2028 ark.

161 2060 387 2113 provinciae
415 2056 422 2111 Ι
448 2058 612 2106 Africae,
643 2057 802 2108 coniugi
833 2057 949 2097 karis.
981 2056 1084 2096 fecit.

270 2125 401 2159 Romae
422 2125 591 2166 (V18575
614 2124 707 2157 vidit
728 2124 940 2165 Bormann).

270 2228 383 2274 1503
424 2228 568 2268 Veneri
593 2227 600 2281 Ι
626 2239 780 2268 sacrum
808 2226 813 2280 Ι
840 2232 878 2265 et
907 2226 1033 2265 Genio
1064 2223 1234 2282 colle[yi]
1262 2225 1267 2280 Ι
1293 2229 1392 2278 Aug.
1424 2226 1621 2274 Corinth.,
1655 2226 1662 2277 Ι
1697 2225 1858 2277 Sagaris

158 2298 294 2339 Alcimi
323 2295 328 2350 Ι
355 2297 453 2349 Aug.
473 2308 583 2335 vern.
606 2295 688 2334 ark.
708 2294 796 2334 vic.¹
823 2292 830 2347 Ι
855 2299 933 2333 vot.
956 2294 1087 2345 posuit
1107 2294 1233 2334 libens
1259 2293 1264 2349 Ι
1292 2294 1435 2343 animo,
1466 2292 1683 2333 sacerdotio
1708 2291 1716 2345 Ι
1743 2321 1752 2331 .
1776 2322 1785 2331 .
1808 2322 1818 2331 .
1842 2322 1858 2331 ..

274 2364 439 2406 Venetas,
462 2373 507 2395 ea:
526 2362 675 2396 Graecia
697 2362 774 2394 sine
789 2360 897 2393 dubio
922 2360 1043 2393 adlata
1067 2360 1123 2400 (V
1131 2360 1220 2393 8818
1242 2358 1289 2400 csl
1305 2359 1362 2392 III
1382 2359 1417 2393 S.
1432 2359 1523 2394 7268
1542 2359 1647 2392 semel
1667 2358 1851 2401 descripta

156 2430 247 2454 saec.
270 2419 419 2460 XVIII).
442 2437 485 2443 -
512 2419 543 2460 1)
566 2418 709 2459 Alcimi,
730 2417 887 2459 Augusti
910 2426 1048 2456 vernae,
1073 2416 1223 2458 arkarii,
1247 2417 1415 2450 vicarius.

273 2486 385 2532 1504
428 2487 486 2526 dis
523 2485 705 2526 manibus
738 2484 745 2539 Ι
779 2485 825 2531 Q.
856 2484 1049 2524 Turranio
1088 2484 1255 2524 Maximo
1290 2483 1297 2538 Ι
1330 2483 1576 2537 praeceptori
1611 2487 1651 2522 et
1685 2480 1692 2536 Ι
1724 2483 1857 2523 amico

160 2558 357 2599 bonorum
384 2554 392 2609 Ι
418 2547 686 2601 consiliorum,
713 2551 719 2605 Ι
747 2552 901 2604 Sagaris
921 2552 1059 2592 Alcimi
1080 2553 1176 2603 Aug.
1198 2563 1273 2592 ser.
1302 2549 1308 2604 Ι
1334 2563 1475 2591 vernae
1495 2549 1619 2590 arcari
1638 2550 1815 2602 provinc.
1842 2547 1855 2606 Ι

161 2625 330 2667 Achaiae
359 2623 475 2663 vicar.
502 2620 508 2673 Ι
535 2620 702 2660 merenti
732 2620 933 2659 memoria.

275 2691 425 2725 Athenis
450 2688 600 2731 (111556
625 2686 799 2728 descripta
823 2696 912 2719 saec.
938 2685 1086 2730 XVIII).

163 2746 1851 2765 Μ

274 2779 386 2827 1505
430 2780 468 2820 d.
510 2790 562 2817 m.
598 2776 604 2830 Ι
647 2777 791 2817 Aciliae
829 2777 1015 2829 Lamyrae
1057 2775 1216 2828 coniugi
1250 2774 1258 2829 Ι
1291 2773 1534 2822 carissimae,
1573 2773 1806 2825 Apollonius
1845 2772 1856 2830 Ι

163 2853 264 2904 Aug.
295 2864 336 2891 n.
367 2859 485 2888 verna
516 2845 689 2886 arcarius
717 2842 953 2898 prolvinciae
983 2844 1106 2892 Asiae,
1138 2845 1212 2883 hoc
1242 2846 1543 2882 monumentum
1567 2838 1575 2894 Ι
1601 2853 1690 2880 cum
1719 2853 1854 2881 sarco-

164 2920 292 2971 phago
323 2916 415 2957 fecit
444 2920 483 2954 et
513 2913 586 2954 sibi
617 2918 656 2952 et
684 2909 789 2967 sulis.
838 2911 1016 2958 Quorum
1048 2923 1182 2950 curam
1213 2915 1335 2961 agunt
1370 2908 1531 2960 collegia
1555 2906 1562 2961 Ι
1588 2907 1670 2947 lib.¹
1701 2913 1740 2948 et
1769 2921 1854 2949 ser·-

163 2998 300 3025 vorum
332 2983 478 3023 domini
509 2994 547 3021 n.
579 2982 677 3033 Aug.
709 2980 733 3019 i.
764 2979 830 3020 s.²:
858 2978 864 3033 Ι
890 2978 1110 3031 magnum³,
1142 2984 1181 3018 et
1209 2977 1440 3017 Minervium
1469 2972 1785 3032 tabularilorum,
1816 2981 1857 3016 et
