1968 3268
794 647 983 692 GAPVT
1014 649 1106 692 VII.

278 765 513 819 TITVLI
553 765 1071 821 APPARITORVM
1110 767 1197 820 ΕΤ
1241 766 1627 822 SERVORVM

713 855 1192 911 PVBLIGORVM.
1229 873 1234 877 ·

214 1040 324 1086 1877
369 1043 409 1083 C.
443 1043 637 1092 Octavius,
669 1042 849 1083 Octaviae
874 1042 880 1097 Ι
907 1044 1073 1096 Augusti
1094 1044 1241 1085 sororis
1262 1045 1300 1093 l.,
1328 1043 1334 1096 Ι
1360 1044 1521 1098 Auctus,
1551 1056 1628 1085 scr.
1658 1044 1761 1085 libi-‚¹
1796 1041 1803 1099 Ι

100 1109 229 1149 Viccia
260 1109 300 1149 C.
332 1110 357 1149 l.
389 1111 543 1151 Gnome
572 1123 683 1151 uxor.

212 1174 343 1208 Romae
366 1177 438 1217 (VI
455 1177 542 1211 8884
567 1177 758 1220 aliquoties
781 1177 959 1220 descripta
983 1188 1074 1211 saec.
1098 1177 1212 1222 XVI).
1235 1196 1281 1202 —
1308 1179 1339 1220 1)
1363 1177 1489 1211 Scriba
1514 1177 1698 1212 librarius.

219 1265 333 1311 1878
376 1267 428 1306 M.
459 1267 575 1320 Ulpio
607 1267 785 1307 Celsiano
813 1266 819 1321 Ι
845 1267 973 1307 scribe
1003 1267 1150 1315 librar„
1178 1268 1184 1321 Ι
1211 1279 1259 1307 ex
1288 1268 1447 1308 decreto
1472 1266 1479 1322 Ι
1506 1265 1704 1324 ordini[s].

217 1332 349 1366 Romae
370 1343 445 1376 rep.
470 1335 510 1366 in
534 1335 630 1366 atrio
659 1334 784 1367 Vestae
808 1332 919 1375 (Bull.
946 1343 1032 1366 eom.
1057 1334 1142 1367 4884
1165 1344 1200 1376 p.
1225 1334 1293 1371 44).

214 1434 240 1477 1
935 1439 972 1476 1.

240 1434 327 1543 Βῖέθ
349 1503 508 1543 Avillius
538 1503 713 1543 Licinius
743 1503 906 1543 Trosius
935 1504 1116 1543 curator-¹
1144 1502 1150 1556 Ι
1177 1503 1349 1543 scholam
1379 1503 1427 1544 de
1456 1516 1529 1544 suo
1559 1504 1662 1544 fecit.

932 1591 971 1633 2.

274 1660 429 1712 Bebryx
450 1661 549 1712 Aug.
571 1660 596 1699 1.
619 1660 869 1710 Drusianus²‚
892 1661 936 1700 A.
959 1660 1103 1701 Fabius
1122 1660 1313 1709 Xanthus,
1334 1659 1447 1710 cur.⁸,
1478 1660 1618 1701 scribis
1638 1660 1807 1700 librariis

104 1734 143 1767 et
178 1727 443 1780 praeconibus
484 1728 568 1768 aed.
609 1728 710 1767 cur.⁴
748 1728 923 1768 scholam
961 1728 1009 1768 ab
1044 1729 1228 1768 inchoato
1259 1728 1505 1777 refecerunt,
1543 1727 1809 1768 marmoribus

106 1801 366 1843 ornaverunt,
398 1795 607 1835 Victoriam
638 1795 852 1847 Augustam
885 1801 924 1835 et
953 1795 1066 1836 sedes
1095 1807 1239 1835 aeneas
1269 1801 1309 1835 et
1337 1800 1467 1835 cetera
1497 1800 1731 1836 ornamenta
1759 1795 1807 1835 de

105 1875 174 1903 sua
204 1863 372 1915 pecunia
403 1863 596 1902 fecerunt.

930 1928 985 1970 3.-

275 1996 430 2048 Bebryx
450 1998 548 2048 Aug.
571 1997 595 2036 1.
614 1997 831 2038 Drusianus
840 1999 866 2046 ²,
889 1999 932 2037 A.
950 1997 1094 2037 Fabius
1108 1997 1299 2046 Xanthus,
1321 1997 1434 2046 cur.³,
1455 1996 1645 2048 imagines
1664 2006 1806 2047 argen-

104 2070 187 2104 teas
222 2063 386 2103 deorum
416 2065 590 2115 septem⁶
628 2071 719 2116 post
756 2064 1041 2105 dedicationem
1073 2065 1227 2104 scholae
1268 2071 1307 2104 et
1344 2065 1517 2105 mutulos
1546 2075 1637 2103 cum
1666 2061 1808 2102 tabella

111 2144 231 2171 aenea
262 2131 309 2170 de
338 2143 407 2171 sua
437 2131 605 2183 pecunia
637 2131 842 2172 dederunt.

276 2268 320 2305 A.
342 2266 487 2306 Fabius
507 2265 698 2314 Xanthus,
730 2266 883 2318 Bebryx
904 2266 1003 2318 Aug.
1029 2266 1054 2305 l.
1078 2266 1305 2314 Drusianus,
1336 2265 1448 2314 cur.³,
1479 2264 1619 2305 scribis
1638 2263 1807 2304 librariis

106 2339 146 2372 et
174 2333 438 2386 praeconibus
476 2333 587 2372 aedil.
627 2335 728 2373 cur.⁴
761 2333 933 2374 scholam
964 2333 1011 2373 ab
1043 2333 1227 2372 inchoato
1266 2334 1511 2381 refecerunt,
1547 2329 1808 2371 marmoribus

107 2407 370 2447 ornaverunt,
417 2400 627 2440 Victoriam
664 2401 878 2453 Augustam
920 2407 958 2440 et
996 2400 1109 2440 sedes
1146 2413 1288 2440 aeneas
1329 2405 1368 2439 et
1404 2405 1531 2439 cetera
1577 2389 1807 2438 ornamenta

107 2466 315 2507 dederunt.

276 2530 423 2572 Romae,
453 2533 657 2575 epistylium
690 2535 870 2577 utrimque
897 2535 1090 2576 seriptum,
1122 2544 1195 2576 rep.
1227 2535 1266 2566 in
1298 2532 1382 2572 foro
1408 2530 1533 2574 paullo
1563 2532 1645 2562 ante
1673 2539 1808 2563 annum

106 2589 213 2629 4545,
243 2599 328 2621 mox
354 2589 465 2630 periit
498 2587 570 2630 (VI
590 2588 656 2621 403
685 2588 733 2628 cf.
758 2590 908 2622 Huelsen
931 2589 1049 2623 Roem.
1072 2589 1188 2623 Mitth.
1213 2589 1301 2622 4888
1330 2598 1367 2630 p.
1391 2586 1487 2630 220).
1529 2585 1683 2628 Utraque
1704 2583 1810 2624 frons

107 2645 269 2688 epistylii
284 2645 373 2676 duos
397 2643 518 2675 titulos
535 2644 670 2683 habuit,
696 2645 811 2678 altera
827 2644 872 2679 N.
889 2645 908 2678 4
934 2648 969 2677 et
982 2647 1018 2688 2,
1042 2646 1157 2678 altera
1181 2645 1226 2680 N.
1250 2645 1275 2678 3
1292 2647 1326 2676 et
1338 2644 1369 2676 4.
1413 2642 1570 2676 Titulum
1585 2640 1604 2674 4
1629 2642 1670 2673 in
1694 2641 1808 2674 locum

107 2700 258 2732 alterius
274 2700 374 2733 tituli
388 2701 483 2733 erasi
502 2701 731 2732 substitutum
751 2699 873 2743 fuisse,
898 2703 961 2744 qui
976 2701 1105 2734 similis
1118 2700 1235 2741 fuerit
1248 2699 1346 2733 tituli
1359 2700 1395 2740 5,
1421 2699 1573 2732 coniecit
1586 2697 1748 2730 Huelem.
1763 2715 1809 2720 -—

107 2757 143 2798 1)
176 2755 331 2789 Cur-ator
359 2754 435 2795 fuit
463 2757 662 2788 scribarum
694 2756 927 2789 librariorum
960 2757 1130 2790 aedilium
1167 2756 1366 2799 curulium,
1403 2757 1498 2788 vixit
1524 2755 1587 2787 sub
1622 2753 1807 2787 Caracalla

107 2810 173 2852 (cf.
188 2811 233 2846 Ν.
249 2811 364 2852 4880).
380 2830 426 2836 -
450 2813 482 2854 2)
500 2812 692 2855 Bebryeem
718 2814 753 2843 et
768 2811 950 2845 Xanthum
974 2815 1105 2846 vixisse
1128 2823 1201 2846 non
1223 2814 1305 2855 post
1319 2811 1542 2844 Hadrianum
1564 2811 1644 2842 iure
1667 2808 1811 2851 collegit

109 2866 302 2900 Huelsenus
327 2867 367 2910 (l.
392 2879 420 2902 c.
442 2879 478 2911 p.
501 2868 584 2912 247)
610 2879 657 2901 ex
681 2870 874 2910 agnomine
896 2868 1007 2902 illius.
1024 2887 1068 2893 —
1092 2870 1126 2911 3)
1151 2868 1351 2910 Curatores,
1376 2868 1410 2910 4)
1433 2865 1602 2900 aedilium
1618 2863 1808 2898 curulium.

104 2940 149 2946 —
176 2923 210 2964 5)
233 2923 300 2955 Dii
321 2927 469 2967 septem,
493 2924 612 2957 iudice
635 2923 865 2964 Mommseno,
898 2927 983 2957 sunt
1005 2925 1036 2956 ii
1059 2926 1121 2967 qui
1145 2924 1357 2967 praesident
1385 2923 1526 2962 diebus,
1556 2919 1620 2953 Sol
1640 2919 1745 2953 Luna
1775 2922 1811 2953 et

105 2976 248 3019 reliqui.
