1968 3268
768 66 800 75 a·-

779 154 893 191 Tituli
915 154 1103 191 militares.
1295 203 1306 213 ·
1712 154 1792 195 441

81 273 220 315 positus
243 274 315 313 est‚·
337 282 423 305 nam
444 265 593 304 nomina
617 272 863 304 centuriarum
887 272 922 303 ct
936 270 1093 303 militum
1118 280 1164 303 esc
1181 272 1290 313 parte
1305 271 1445 303 tantum
1460 270 1582 304 eadem
1597 274 1683 304 sunt
1705 282 1798 315 quae

83 330 123 362 in
146 327 192 364 N.
215 328 316 371 2478,
339 338 386 361 ea:
407 330 513 371 parte
535 327 687 361 diversa.
711 345 757 352 -—-
788 325 823 371 1)
847 325 1035 370 Supplevit
1054 325 1267 369 Mommsen,
1289 326 1530 370 probabiliter
1536 339 1552 368 ,-
1581 329 1689 361 etiam
1718 328 1798 362 ludi

82 386 271 419 memorati
293 383 339 419 Ν.
355 384 445 419 2478
467 385 635 418 videntur
658 383 748 417 editi
770 394 841 416 esse
859 384 907 419 ,ob
932 383 1024 416 diem
1047 383 1206 417 natalem
1228 384 1469 427 imperatoris.
1491 403 1538 408 —
1561 386 1597 426 2)
1620 385 1688 418 Hic
1711 395 1797 428 quo—

82 451 151 485 que
165 444 208 474 ut
222 443 261 474 in
276 440 322 474 N.
337 441 428 476 2478
442 442 672 474 recensentur
686 441 817 482 septem
839 441 1008 480 scaenici,
1029 441 1125 472 inter
1148 441 1212 473 hos
1234 440 1305 473 duo
1330 442 1479 480 tantum,
1506 440 1652 474 Cluvius
1669 440 1798 475 Glaber

82 501 117 532 et
137 497 300 531 Lucilius
321 495 543 539 Marcianus,
566 499 645 530 noti
668 498 775 538 etiam
799 507 846 528 ea·
868 494 913 530 N.
936 495 1049 537 2478,·
1081 506 1199 529 omnes
1226 499 1344 530 autem
1366 497 1519 530 redeunt
1545 498 1642 531 inter
1663 499 1797 532 milites

80 553 184 594 infra
207 556 417 594 recensitos,
451 553 580 587 Glaber
610 554 843 586 archimimus
866 553 1010 586 cohorte
1033 554 1156 597 prima
1181 556 1345 587 centuria
1373 553 1566 595 Puri-onis,
1594 554 1796 588 Demetrius

80 611 292 644 Ammonius
307 611 539 643 archimimus
555 611 699 643 cohorte
715 612 846 652 quarta
863 611 1027 643 centuria
1043 610 1212 653 Asclepii,
1237 610 1404 646 Valerius
1421 610 1612 668 Heraclida
1628 612 1794 655 stupidus

83 666 240 700 Graecus
271 665 358 710 (Mo.
382 667 501 700 Herm.
524 668 548 700 5
577 677 613 710 p.
636 667 720 707 306)
752 667 897 699 cohorte
925 667 1074 710 septima
1106 669 1270 700 centuria
1300 652 1485 710 Longini,
1485 660 1668 702 ³‘Bucilius
1696 667 1795 702 Mar-

84 725 210 756 cianus
231 723 396 766 stupidus
422 722 579 757 Graecus
603 724 747 756 cohorte
769 722 924 756 secunda
947 724 1111 756 centuria
1136 723 1365 764 Candidiani,
1388 718 1562 757 Aurelius
1583 725 1794 759 Alexander

78 781 263 814 scaenicus
281 779 437 813 Graecus
461 781 608 813 cohorte
631 781 739 813 tertia
756 781 919 813 centuria
942 779 1057 822 Pauli,
1080 780 1252 813 Aurelius
1267 779 1423 814 Serenus
1437 782 1622 814 scaenicus
1639 781 1796 815 Graecus

82 837 228 871 cohorte
248 838 368 880 prima
392 838 557 871 centuria
582 835 785 876 Saturnini,
813 837 991 871 Varenius
1010 835 1239 869 Fortunatus
1261 839 1445 871 scaenicus
1471 837 1626 870 Graecus
1649 839 1794 871 cohorte

36 898 39 901 '
79 896 209 936 quarta
234 894 396 926 centuria
420 892 635 927 Decembris.
689 893 761 926 Sed
785 896 975 936 praeterea
998 893 1039 925 in
1068 894 1136 926 hoc
1166 893 1272 926 titulo
1303 893 1388 926 aliis
1418 896 1496 927 octo
1525 894 1700 927 militibus
1731 894 1795 927 ad-

79 952 236 994 scriptae
258 952 343 982 sunt
365 952 472 983 notae
496 960 586 992 quae
611 952 645 982 et
667 951 766 993 ipsae
789 947 982 989 manifesto
1006 951 1169 992 spectant
1191 950 1241 983 ad
1261 961 1338 984 rem
1360 953 1570 984 scaenicam.
1611 949 1666 990 Cf.
1688 949 1791 990 infra

78 1009 151 1042 not.
174 1005 299 1040 5-42.
323 1024 367 1031 —-
400 1006 435 1047 3)
470 1006 531 1039 Ex
558 1017 622 1038 sex
653 1006 826 1038 centuriis
856 1005 1014 1038 cohortis
1042 1007 1181 1049 primae
1211 1006 1363 1048 vigilum
1395 1008 1454 1040 hic
1484 1009 1686 1047 recensitis,
1718 1017 1792 1040 una

79 1065 231 1104 tantum,
257 1063 420 1095 centuria
445 1062 622 1102 Serotini‚
655 1063 719 1094 sub
744 1061 864 1095 eodem
887 1063 1031 1094 nomine
1061 1063 1158 1095 redit
1186 1064 1226 1096 in
1257 1063 1364 1096 titulo
1395 1062 1440 1097 N.
1465 1063 1571 1105 2478,
1598 1063 1794 1107 pleraeque

70 1121 195 1161 igitur
218 1120 403 1152 centuriae
427 1120 584 1152 cohortis
602 1120 746 1162 primae
770 1118 862 1151 alios
893 1120 1118 1151 centuriones
1143 1120 1344 1152 habuerunt
1373 1130 1454 1152 cum
1485 1120 1612 1153 titulus
1634 1119 1680 1154 N.
1703 1119 1794 1154 2478

78 1178 216 1218 positus
231 1178 283 1208 est
299 1174 363 1218 (cf.
379 1178 453 1209 not.
469 1175 518 1219 4).
532 1194 578 1200 —
590 1176 624 1215 4)
641 1175 787 1208 Helvius
803 1175 998 1207 Ianuarius
1013 1178 1218 1208 recensetur
1233 1178 1340 1209 etiam
1355 1187 1466 1219 supra
1481 1176 1527 1210 N.
1538 1177 1639 1219 2478,
1653 1178 1738 1210 item
1753 1177 1793 1209 in

26 1264 30 1268 ,
79 1232 225 1265 cohorte
231 1234 366 1275 prima,
376 1234 540 1265 centuria
553 1235 671 1265 autem
685 1243 758 1265 non
772 1231 965 1265 Saturnini
976 1233 1038 1265 sed
1044 1232 1203 1266 Zenonis
1211 1245 1226 1274 ,·
1237 1236 1388 1276 apparet
1400 1244 1440 1266 eo
1453 1236 1611 1276 tempore
1624 1234 1721 1276 quod
1733 1244 1794 1266 ex—

79 1289 155 1322 titit
165 1290 262 1322 inter
275 1289 398 1322 titulos
410 1288 455 1323 Ν.
464 1289 553 1323 2478
565 1288 648 1322 et24
652 1289 695 1322 79
705 1291 849 1331 positos,
859 1291 924 1322 aut
932 1288 1171 1323 Saturninum
1181 1289 1322 1323 Zenoni
1330 1293 1396 1324 aut
1402 1290 1581 1324 Zenonem
1592 1290 1791 1324 Saturnino

77 1347 294 1379 successisse.
307 1365 352 1370 —
364 1348 398 1388 5)
411 1346 636 1386 Pecuniosus‚
655 1346 688 1387 6)
703 1347 896 1387 scaenicus,
915 1346 948 1387 7)
964 1346 1187 1389 caradion-ius,
1205 1348 1238 1389 8)
1254 1348 1498 1388 archimimus,
1515 1348 1640 1388 9-11)
1654 1349 1791 1380 scaeni-

79 1411 160 1443 cus,
199 1402 254 1444 12)
285 1402 416 1434 mulier
448 1402 658 1443 (Mommsen
683 1402 799 1435 Herm.
825 1403 847 1434 ὅ
869 1412 905 1444 p.
927 1402 995 1435 506
1019 1404 1083 1445 qui
1099 1406 1209 1446 putat
1233 1407 1311 1437 octo
1336 1405 1400 1437 hos
1424 1405 1600 1444 homines,
1634 1403 1791 1436 diversos

80 1458 124 1490 ab
148 1458 329 1490 actoribus
352 1468 463 1500 supra
488 1461 715 1498 enumeratis,
740 1469 812 1491 esse
837 1462 1045 1491 acroamata
1068 1469 1142 1492 una
1160 1469 1238 1492 cum
1263 1462 1315 1492 eis
1336 1470 1450 1503 supra
1471 1463 1682 1502 memorata,
1704 1462 1789 1501 sive,

78 1516 120 1547 ut
144 1513 232 1546 alibi
255 1513 444 1554 dicuntur,
475 1515 769 1559 symphoniacos;
801 1525 859 1547 eos
882 1517 1011 1557 autem,
1035 1518 1181 1558 excepto
1206 1516 1416 1558 eoeodiario,
1450 1515 1612 1556 adfuisse
1634 1517 1790 1559 singulis

80 1569 153 1602 illis
176 1569 385 1612 actoribus).

546 1752 749 1814 Equites
787 1753 1056 1813 singulares
1093 1751 1320 1816 Augusti.

194 1850 311 1898 2180
354 1853 435 1892 lovi
467 1854 616 1906 optimo
646 1854 836 1902 maximo,
865 1853 871 1908 Ι
898 1854 1063 1903 lunoni,
1094 1855 1308 1905 Mineivae,
1334 1855 1342 1910 Ι
1369 1857 1543 1904 Herculi,
1575 1857 1788 1907 Fortunae,

80 1920 288 1969 Felicitati,
315 1920 321 1973 Ι
350 1920 488 1970 Saluti,
518 1921 636 1970 Fatis,
668 1922 793 1962 Genio
829 1923 931 1974 sing.
953 1924 1080 1974 Aug,
1057 1923 1067 1943 ¹
1109 1921 1116 1975 Ι
1142 1924 1291 1963 emeriti
1323 1936 1370 1963 ex
1400 1937 1568 1965 numero
1598 1923 1789 1982 eod[em]2

85 1989 91 2042 Ι
120 1989 228 2029 missi
258 1989 425 2028 honesta
454 1988 641 2029 missione
667 1991 673 2040 Ι
707 1989 755 2029 ab
786 1989 880 2042 imp.
901 1990 1069 2030 Traiano
1100 1990 1298 2031 Hadriano
1328 1994 1415 2044 Aug
1417 2023 1440 2042 .,
1468 1991 1474 2046 Ι
1507 1994 1592 2046 ipso
1622 1995 1658 2034 11
1680 1996 1778 2036 cos.⁸
1779 2026 1789 2044 ‚

86 2056 111 2095 l.
146 2056 172 2096 l.
203 2069 256 2095 m.
287 2069 323 2094 v.
349 2057 396 2096 s.⁴
429 2062 555 2104 (supra
579 2064 747 2104 secespita
772 2066 805 2095 et
829 2063 949 2106 lituus,
973 2063 1057 2096 hinc
1079 2062 1181 2096 illinc
1204 2074 1333 2097 urceus
1356 2068 1391 2097 et
1408 2066 1568 2110 patera).

197 2122 327 2155 Romae
352 2133 426 2166 rep.
452 2134 518 2156 ara
542 2134 754 2166 marmorea,
779 2135 851 2157 una
876 2135 956 2158 cum
979 2125 1103 2158 multis
1125 2126 1210 2159 aliis
1232 2128 1309 2159 aris
1323 2127 1510 2171 similibus,
1534 2139 1686 2172 quarum
1702 2131 1790 2163 haec

81 2181 133 2212 est
157 2180 420 2221 antiquissima,
443 2182 541 2213 inter
564 2180 697 2213 rudera
723 2181 896 2223 quaedam
919 2192 992 2215 non
1017 2182 1122 2225 longe
1145 2184 1188 2216 ab
1210 2183 1357 2216 ecclesia
1374 2183 1620 2228 Lateranensi,
1642 2197 1664 2219 a
1682 2186 1789 2220 Scala

78 2238 205 2268 sancta
222 2246 314 2278 quae
331 2235 465 2269 dicitur
479 2239 752 2279 septentrionem
768 2248 900 2280 versus,
923 2240 987 2271 ubi
1007 2239 1111 2272 hodie
1127 2239 1263 2273 dicitur
1277 2242 1338 2273 via
1358 2239 1487 2274 Tasso:
1510 2252 1550 2274 eo
1576 2242 1651 2275 Ioco
1674 2241 1789 2282 fuisse

81 2295 200 2325 castra
226 2293 382 2334 equitum
406 2293 649 2335 singularium
672 2294 745 2325 iam
773 2297 924 2336 apparet
947 2295 1118 2338 (Henzen‚
1145 2298 1208 2338 qui
1231 2296 1334 2338 vidit,
1362 2308 1446 2329 ann.
1470 2298 1552 2331 inst.
1578 2300 1675 2332 arch.
1700 2299 1788 2333 4885

74 2357 113 2391 p.
137 2348 238 2392 239).
264 2367 306 2372 —
342 2350 373 2390 1)
406 2347 515 2381 Genio
542 2348 784 2391 singularium
813 2349 1012 2394 (intellegm
1044 2353 1220 2396 equitum)
1243 2353 1409 2394 Augusti.
1445 2372 1488 2378 —
1526 2355 1560 2395 2)
1584 2354 1717 2398 Nempe
1741 2367 1787 2388 ea·

78 2413 229 2437 numero
246 2404 489 2446 singularium
505 2403 721 2446 (EODHOMC
739 2405 841 2449 lapis,
870 2407 999 2440 litteris
1014 2407 1071 2441 ΗΟ
1095 2410 1133 2441 in
1159 2409 1270 2442 litura
1292 2409 1449 2452 positis).
1466 2428 1510 2434 -—
1535 2412 1569 2452 3)
1593 2412 1635 2445 A.
1651 2411 1725 2446 448.
1740 2430 1787 2437 -

81 2461 114 2502 4)
138 2460 243 2494 Laeti
267 2461 410 2493 libentes
432 2463 570 2493 meritis
594 2465 676 2494 vota
699 2462 893 2496 solverunt.

190 2528 300 2574 2181
349 2530 427 2569 lovi
450 2537 612 2582 optumo
634 2532 813 2579 maximo,
837 2533 842 2585 Ι
866 2532 1022 2581 Iunoni,
1042 2533 1251 2581 Minervae,
1279 2535 1285 2587 Ι
1311 2535 1437 2584 Marti,
1456 2536 1659 2582 Victoriae.
1682 2537 1782 2578 Her-

47 2652 49 2654 ·
79 2597 179 2646 culi,
205 2597 212 2650 Ι
238 2597 455 2647 Fortunae,
489 2597 705 2646 Mercurio,
732 2598 739 2652 Ι
766 2599 976 2648 Felicitati,
1009 2599 1151 2649 Saluti,
1186 2601 1307 2650 Fatis,
1334 2602 1340 2656 Ι
1368 2603 1673 2656 Campestribus‚
1706 2606 1781 2646 Sil-

78 2675 192 2713 vano,
221 2666 227 2717 Ι
253 2665 447 2717 Apollini,
481 2665 645 2714 Dianae,
677 2665 853 2718 Eponae,
880 2667 886 2720 Ι
913 2667 1104 2708 matribus
1135 2668 1286 2711 Sulevis
1315 2677 1353 2711 et
1384 2671 1510 2712 Genio
1541 2673 1642 2725 sing.
1668 2676 1781 2726 Aug..

67 2728 88 2785 ,Ι
109 2732 284 2771 veterani
315 2733 424 2773 missi
451 2731 457 2786 Ι
512 2733 677 2773 honesta
708 2733 894 2774 missione
920 2733 926 2789 Ι
954 2747 1001 2775 ex
1031 2736 1167 2776 eodem
1195 2750 1362 2778 numero
1389 2739 1437 2778 ab
1463 2738 1469 2792 Ι
1497 2740 1591 2791 imp.
1613 2740 1781 2780 Tiaiano

78 2797 280 2839 Hadriano
312 2800 411 2851 Aug.
443 2813 482 2851 p.
516 2812 569 2851 p„
597 2798 603 2853 Ι
630 2800 673 2839 C.
696 2801 807 2841 Serio
838 2803 1044 2854 Augurino
1075 2803 1116 2844 C.
1147 2804 1291 2845 Trebio
1318 2803 1324 2860 Ι
1352 2806 1542 2859 Sergiano
1574 2808 1667 2847 cos-¹
1700 2808 1724 2846 l.
1756 2808 1781 2847 l.

78 2877 129 2905 m.
166 2880 200 2907 v.
240 2881 270 2908 s.
327 2872 386 2911 (ln
412 2872 522 2905 latere
546 2872 691 2913 dea-tro)
736 2869 823 2909 divo
871 2870 1110 2911 TraianoV
1156 2868 1296 2927 c[os]2·
1338 2873 1345 2926 Ι
1383 2874 1434 2912 M.
1475 2874 1563 2925 Ulp.
1604 2874 1748 2929 Iulius,
1770 2874 1776 2929 Ι

81 2937 295 2981 (sequuntur
310 2941 457 2973 nomina
474 2939 704 2982 quindecim).
745 2940 805 2983 (ln
826 2941 938 2975 latere
960 2944 1123 2983 sinistro)
1170 2940 1380 2980 Suburano
1402 2947 1439 2980 el
1455 2941 1641 2981 Marcello
1662 2954 1742 2982 cos.
1744 2942 1777 2982 ³:

82 2998 88 3052 Ι
130 3000 179 3041 Μ.
218 3003 355 3042 Arrad.
396 3003 553 3043 Priscus
593 3003 853 3045 Traianenses
887 3009 971 3054 (sic)
1011 3006 1250 3056 Baetasius⁴‚
1284 3005 1289 3060 Ι
1330 3008 1379 3047 Μ.
1412 3008 1499 3060 Ulp.
1532 2973 1779 3065 Frequens}

82 3065 298 3110 (sequuntur
321 3071 466 3102 nomina
490 3070 694 3111 triginta).⁸
