<?xml version="1.0" encoding="UTF-8"?>
<!DOCTYPE html PUBLIC "-//W3C//DTD XHTML 1.0 Transitional//EN"
    "http://www.w3.org/TR/xhtml1/DTD/xhtml1-transitional.dtd">
<html xmlns="http://www.w3.org/1999/xhtml" xml:lang="en" lang="en">
 <head>
  <title>
</title>
<meta http-equiv="Content-Type" content="text/html;charset=utf-8" />
  <meta name='ocr-system' content='tesseract 3.04.00' />
  <meta name='ocr-capabilities' content='ocr_page ocr_carea ocr_par ocr_line ocrx_word'/>
</head>
<body>
  <div class='ocr_page' id='page_1' title='image "./inscriptioneslat01dessuoft_0202.png"; bbox 0 0 1968 3268; ppageno 0'>
   <div class='ocr_carea' id='block_1_1' title="bbox 128 110 1092 188">
    <p class='ocr_par' dir='ltr' id='par_1_1' title="bbox 128 110 1092 188">
     <span class='ocr_line' id='line_1_1' title="bbox 128 110 1092 188; baseline -0.003 -8"><span class='ocrx_word' id='word_1_1' title='bbox 128 141 207 181; x_wconf 85' lang='lat'><strong><em>190</em></strong></span> <span class='ocrx_word' id='word_1_2' title='bbox 438 110 441 112; x_wconf 28' lang='grc'>-</span> <span class='ocrx_word' id='word_1_3' title='bbox 886 142 1006 188; x_wconf 81' lang='lat' dir='ltr'><strong><em>Caput</em></strong></span> <span class='ocrx_word' id='word_1_4' title='bbox 1026 141 1092 177; x_wconf 87' lang='grc' dir='ltr'><strong><em>ΙΙΙ.</em></strong></span> 
     </span>
    </p>
   </div>
   <div class='ocr_carea' id='block_1_2' title="bbox 123 257 1840 1705">
    <p class='ocr_par' dir='ltr' id='par_1_2' title="bbox 123 257 1840 1705">
     <span class='ocr_line' id='line_1_2' title="bbox 239 257 1836 300; baseline 0.003 -10"><span class='ocrx_word' id='word_1_5' title='bbox 239 258 389 291; x_wconf 85' lang='lat' dir='ltr'><strong><em>Athenis</em></strong></span> <span class='ocrx_word' id='word_1_6' title='bbox 413 259 452 290; x_wconf 93' lang='lat' dir='ltr'><strong><em>in</em></strong></span> <span class='ocrx_word' id='word_1_7' title='bbox 477 257 562 290; x_wconf 84' lang='lat' dir='ltr'><strong><em>colle</em></strong></span> <span class='ocrx_word' id='word_1_8' title='bbox 584 257 780 299; x_wconf 76' lang='lat' dir='ltr'><em>Musarum,</em></span> <span class='ocrx_word' id='word_1_9' title='bbox 805 259 868 300; x_wconf 85' lang='lat' dir='ltr'><strong><em>qui</em></strong></span> <span class='ocrx_word' id='word_1_10' title='bbox 891 260 943 289; x_wconf 83' lang='lat' dir='ltr'><strong><em>est</em></strong></span> <span class='ocrx_word' id='word_1_11' title='bbox 965 268 983 289; x_wconf 90' lang='lat' dir='ltr'><strong><em>e</em></strong></span> <span class='ocrx_word' id='word_1_12' title='bbox 1005 259 1153 299; x_wconf 79' lang='lat' dir='ltr'><em>regione</em></span> <span class='ocrx_word' id='word_1_13' title='bbox 1175 259 1283 298; x_wconf 84' lang='lat' dir='ltr'><strong><em>arcis,</em></strong></span> <span class='ocrx_word' id='word_1_14' title='bbox 1307 259 1345 290; x_wconf 88' lang='lat' dir='ltr'><strong><em>in</em></strong></span> <span class='ocrx_word' id='word_1_15' title='bbox 1361 261 1586 292; x_wconf 83' lang='lat' dir='ltr'><strong><em>monumento</em></strong></span> <span class='ocrx_word' id='word_1_16' title='bbox 1610 260 1722 294; x_wconf 74' lang='lat' dir='ltr'><strong><em>trium</em></strong></span> <span class='ocrx_word' id='word_1_17' title='bbox 1735 260 1836 294; x_wconf 83' lang='lat' dir='ltr'><strong><em>aedi—</em></strong></span> 
     </span>
     <span class='ocr_line' id='line_1_3' title="bbox 126 313 1835 356; baseline 0.003 -9"><span class='ocrx_word' id='word_1_18' title='bbox 126 313 310 356; x_wconf 84' lang='lat' dir='ltr'><strong><em>cularum,</em></strong></span> <span class='ocrx_word' id='word_1_19' title='bbox 340 324 491 356; x_wconf 90' lang='lat' dir='ltr'><strong><em>quarum</em></strong></span> <span class='ocrx_word' id='word_1_20' title='bbox 524 313 616 346; x_wconf 86' lang='lat' dir='ltr'><strong><em>duae</em></strong></span> <span class='ocrx_word' id='word_1_21' title='bbox 647 316 744 352; x_wconf 87' lang='lat' dir='ltr'><strong><em>(cum</em></strong></span> <span class='ocrx_word' id='word_1_22' title='bbox 767 314 884 346; x_wconf 86' lang='lat' dir='ltr'><strong><em>titulis</em></strong></span> <span class='ocrx_word' id='word_1_23' title='bbox 907 314 939 347; x_wconf 87' lang='grc'><strong><em>4.</em></strong></span> <span class='ocrx_word' id='word_1_24' title='bbox 962 314 997 346; x_wconf 98' lang='grc'><strong><em>2.</em></strong></span> <span class='ocrx_word' id='word_1_25' title='bbox 1020 314 1060 355; x_wconf 89' lang='grc'><strong><em>5)</em></strong></span> <span class='ocrx_word' id='word_1_26' title='bbox 1092 313 1197 347; x_wconf 84' lang='lat' dir='ltr'><strong><em>hodie</em></strong></span> <span class='ocrx_word' id='word_1_27' title='bbox 1227 324 1368 356; x_wconf 89' lang='lat' dir='ltr'><strong><em>quoque</em></strong></span> <span class='ocrx_word' id='word_1_28' title='bbox 1397 317 1540 356; x_wconf 69' lang='lat' dir='ltr'><strong><em>extant,</em></strong></span> <span class='ocrx_word' id='word_1_29' title='bbox 1572 317 1680 349; x_wconf 73' lang='lat' dir='ltr'><strong><em>tertia</em></strong></span> <span class='ocrx_word' id='word_1_30' title='bbox 1705 318 1784 351; x_wconf 72' lang='lat' dir='ltr'><strong><em>visa</em></strong></span> <span class='ocrx_word' id='word_1_31' title='bbox 1812 327 1835 351; x_wconf 83' lang='lat' dir='ltr'><strong><em>a</em></strong></span> 
     </span>
     <span class='ocr_line' id='line_1_4' title="bbox 129 369 1838 415; baseline 0.001 -11"><span class='ocrx_word' id='word_1_32' title='bbox 129 370 280 415; x_wconf 77' lang='lat' dir='ltr'><strong><em>Cyriaco</em></strong></span> <span class='ocrx_word' id='word_1_33' title='bbox 305 372 454 403; x_wconf 76' lang='lat' dir='ltr'><strong><em>extabat</em></strong></span> <span class='ocrx_word' id='word_1_34' title='bbox 475 370 616 402; x_wconf 89' lang='lat' dir='ltr'><strong><em>saeculo</em></strong></span> <span class='ocrx_word' id='word_1_35' title='bbox 636 369 704 402; x_wconf 90' lang='lat' dir='ltr'><strong><em>XV</em></strong></span> <span class='ocrx_word' id='word_1_36' title='bbox 718 370 789 409; x_wconf 87' lang='lat' dir='ltr'><em>(III</em></span> <span class='ocrx_word' id='word_1_37' title='bbox 803 371 884 404; x_wconf 77' lang='lat'><strong><em>552.</em></strong></span> <span class='ocrx_word' id='word_1_38' title='bbox 904 370 937 403; x_wconf 90' lang='lat' dir='ltr'><strong><em>C.</em></strong></span> <span class='ocrx_word' id='word_1_39' title='bbox 955 370 985 403; x_wconf 90' lang='lat' dir='ltr'><strong><em>I.</em></strong></span> <span class='ocrx_word' id='word_1_40' title='bbox 1008 369 1068 405; x_wconf 86' lang='lat' dir='ltr'><strong><em>Gr.</em></strong></span> <span class='ocrx_word' id='word_1_41' title='bbox 1084 370 1165 404; x_wconf 81' lang='grc'><strong><em>562.</em></strong></span> <span class='ocrx_word' id='word_1_42' title='bbox 1191 370 1225 404; x_wconf 85' lang='lat' dir='ltr'><strong><em>C.</em></strong></span> <span class='ocrx_word' id='word_1_43' title='bbox 1243 370 1270 403; x_wconf 93' lang='lat' dir='ltr'><strong><em>I.</em></strong></span> <span class='ocrx_word' id='word_1_44' title='bbox 1286 371 1363 404; x_wconf 74' lang='lat' dir='ltr'><strong><em>Ate.</em></strong></span> <span class='ocrx_word' id='word_1_45' title='bbox 1378 372 1415 413; x_wconf 89' lang='lat'><strong><em>5,</em></strong></span> <span class='ocrx_word' id='word_1_46' title='bbox 1429 370 1525 411; x_wconf 74' lang='lat'><strong><em>557).</em></strong></span> <span class='ocrx_word' id='word_1_47' title='bbox 1569 371 1741 406; x_wconf 69' lang='lat' dir='ltr'><strong><em>Die-atum</em></strong></span> <span class='ocrx_word' id='word_1_48' title='bbox 1762 371 1838 412; x_wconf 66' lang='lat' dir='ltr'><strong><em>ficit</em></strong></span> 
     </span>
     <span class='ocr_line' id='line_1_5' title="bbox 126 426 1837 471; baseline 0.002 -11"><span class='ocrx_word' id='word_1_49' title='bbox 126 430 411 469; x_wconf 82' lang='lat' dir='ltr'><strong><em>monumentum,</em></strong></span> <span class='ocrx_word' id='word_1_50' title='bbox 443 429 531 459; x_wconf 87' lang='lat' dir='ltr'><strong><em>teste</em></strong></span> <span class='ocrx_word' id='word_1_51' title='bbox 556 427 735 459; x_wconf 77' lang='lat' dir='ltr'><strong><em>Pausania</em></strong></span> <span class='ocrx_word' id='word_1_52' title='bbox 751 426 782 468; x_wconf 91' lang='grc'><strong><em>4,</em></strong></span> <span class='ocrx_word' id='word_1_53' title='bbox 799 427 857 468; x_wconf 88' lang='grc'><strong><em>28,</em></strong></span> <span class='ocrx_word' id='word_1_54' title='bbox 873 427 894 459; x_wconf 92' lang='grc'><strong><em>6</em></strong></span> <span class='ocrx_word' id='word_1_55' title='bbox 918 427 1055 459; x_wconf 79' lang='lat' dir='ltr'><strong><em>homini</em></strong></span> <span class='ocrx_word' id='word_1_56' title='bbox 1077 426 1191 459; x_wconf 79' lang='lat' dir='ltr'><strong><em>alicui</em></strong></span> <span class='ocrx_word' id='word_1_57' title='bbox 1213 438 1259 460; x_wconf 73' lang='lat' dir='ltr'><strong><em>eae</em></strong></span> <span class='ocrx_word' id='word_1_58' title='bbox 1282 426 1411 471; x_wconf 75' lang='lat' dir='ltr'><strong><em>Syria,</em></strong></span> <span class='ocrx_word' id='word_1_59' title='bbox 1434 427 1571 470; x_wconf 85' lang='lat' dir='ltr'><strong><em>scilicet</em></strong></span> <span class='ocrx_word' id='word_1_60' title='bbox 1592 429 1626 460; x_wconf 86' lang='lat' dir='ltr'><strong><em>ei</em></strong></span> <span class='ocrx_word' id='word_1_61' title='bbox 1647 430 1711 462; x_wconf 79' lang='lat' dir='ltr'><strong><em>sub</em></strong></span> <span class='ocrx_word' id='word_1_62' title='bbox 1735 430 1837 463; x_wconf 76' lang='lat' dir='ltr'><strong><em>euius</em></strong></span> 
     </span>
     <span class='ocr_line' id='line_1_6' title="bbox 124 482 1837 525; baseline 0.002 -10"><span class='ocrx_word' id='word_1_63' title='bbox 124 485 245 516; x_wconf 88' lang='lat' dir='ltr'><strong><em>statua</em></strong></span> <span class='ocrx_word' id='word_1_64' title='bbox 278 483 461 525; x_wconf 84' lang='lat' dir='ltr'><strong><em>legebatur</em></strong></span> <span class='ocrx_word' id='word_1_65' title='bbox 494 482 618 515; x_wconf 86' lang='lat' dir='ltr'><strong><em>titulus</em></strong></span> <span class='ocrx_word' id='word_1_66' title='bbox 641 484 666 516; x_wconf 98' lang='lat'><strong><em>5</em></strong></span> <span class='ocrx_word' id='word_1_67' title='bbox 695 485 730 514; x_wconf 91' lang='lat' dir='ltr'><strong><em>et</em></strong></span> <span class='ocrx_word' id='word_1_68' title='bbox 758 482 808 515; x_wconf 87' lang='lat' dir='ltr'><strong><em>ad</em></strong></span> <span class='ocrx_word' id='word_1_69' title='bbox 840 492 942 525; x_wconf 84' lang='lat' dir='ltr'><strong><em>quem</em></strong></span> <span class='ocrx_word' id='word_1_70' title='bbox 970 484 1199 525; x_wconf 82' lang='lat' dir='ltr'><strong><em>pertinebant</em></strong></span> <span class='ocrx_word' id='word_1_71' title='bbox 1229 485 1301 516; x_wconf 86' lang='lat' dir='ltr'><strong><em>nisi</em></strong></span> <span class='ocrx_word' id='word_1_72' title='bbox 1322 482 1436 523; x_wconf 83' lang='lat' dir='ltr'><strong><em>fallor</em></strong></span> <span class='ocrx_word' id='word_1_73' title='bbox 1459 485 1568 517; x_wconf 81' lang='lat' dir='ltr'><strong><em>etiam</em></strong></span> <span class='ocrx_word' id='word_1_74' title='bbox 1591 484 1691 518; x_wconf 84' lang='lat' dir='ltr'><strong><em>tituli</em></strong></span> <span class='ocrx_word' id='word_1_75' title='bbox 1712 485 1735 519; x_wconf 88' lang='grc'><strong><em>2</em></strong></span> <span class='ocrx_word' id='word_1_76' title='bbox 1760 488 1796 518; x_wconf 82' lang='lat' dir='ltr'><strong><em>et</em></strong></span> <span class='ocrx_word' id='word_1_77' title='bbox 1814 486 1837 519; x_wconf 77' lang='lat'><strong><em>4</em></strong></span> 
     </span>
     <span class='ocr_line' id='line_1_7' title="bbox 126 538 1838 582; baseline 0.002 -10"><span class='ocrx_word' id='word_1_78' title='bbox 126 541 233 572; x_wconf 75' lang='lat' dir='ltr'><strong><em>iuxta</em></strong></span> <span class='ocrx_word' id='word_1_79' title='bbox 249 541 360 582; x_wconf 86' lang='lat' dir='ltr'><strong><em>positi</em></strong></span> <span class='ocrx_word' id='word_1_80' title='bbox 379 541 422 571; x_wconf 89' lang='lat' dir='ltr'><strong><em>ab</em></strong></span> <span class='ocrx_word' id='word_1_81' title='bbox 441 542 594 581; x_wconf 86' lang='lat' dir='ltr'><strong><em>utraque</em></strong></span> <span class='ocrx_word' id='word_1_82' title='bbox 612 541 718 581; x_wconf 88' lang='lat' dir='ltr'><strong><em>parte</em></strong></span> <span class='ocrx_word' id='word_1_83' title='bbox 738 538 920 571; x_wconf 76' lang='lat' dir='ltr'><strong><em>aediculae</em></strong></span> <span class='ocrx_word' id='word_1_84' title='bbox 943 539 1100 580; x_wconf 86' lang='lat' dir='ltr'><strong><em>mediae;</em></strong></span> <span class='ocrx_word' id='word_1_85' title='bbox 1120 540 1262 572; x_wconf 86' lang='lat' dir='ltr'><strong><em>videtur</em></strong></span> <span class='ocrx_word' id='word_1_86' title='bbox 1287 542 1380 573; x_wconf 84' lang='lat' dir='ltr'><strong><em>enim</em></strong></span> <span class='ocrx_word' id='word_1_87' title='bbox 1403 541 1457 573; x_wconf 86' lang='lat' dir='ltr'><strong><em>his</em></strong></span> <span class='ocrx_word' id='word_1_88' title='bbox 1473 542 1587 574; x_wconf 82' lang='lat' dir='ltr'><strong><em>tribus</em></strong></span> <span class='ocrx_word' id='word_1_89' title='bbox 1608 541 1725 574; x_wconf 82' lang='lat' dir='ltr'><strong><em>titulis</em></strong></span> <span class='ocrx_word' id='word_1_90' title='bbox 1743 541 1838 575; x_wconf 77' lang='lat' dir='ltr'><strong><em>idem</em></strong></span> 
     </span>
     <span class='ocr_line' id='line_1_8' title="bbox 128 591 1838 639; baseline 0.002 -10"><span class='ocrx_word' id='word_1_91' title='bbox 128 597 229 629; x_wconf 89' lang='lat' dir='ltr'><strong><em>homo</em></strong></span> <span class='ocrx_word' id='word_1_92' title='bbox 254 597 447 637; x_wconf 81' lang='lat' dir='ltr'><strong><em>nominari,</em></strong></span> <span class='ocrx_word' id='word_1_93' title='bbox 472 598 511 628; x_wconf 92' lang='lat' dir='ltr'><strong><em>in</em></strong></span> <span class='ocrx_word' id='word_1_94' title='bbox 538 598 561 629; x_wconf 91' lang='lat' dir='ltr'><strong><em>t.</em></strong></span> <span class='ocrx_word' id='word_1_95' title='bbox 577 597 602 629; x_wconf 90' lang='lat'><strong><em>5</em></strong></span> <span class='ocrx_word' id='word_1_96' title='bbox 626 606 723 628; x_wconf 89' lang='lat' dir='ltr'><strong><em>more</em></strong></span> <span class='ocrx_word' id='word_1_97' title='bbox 738 596 959 638; x_wconf 74' lang='lat' dir='ltr'><strong><em>Atheniensi,</em></strong></span> <span class='ocrx_word' id='word_1_98' title='bbox 982 597 1021 628; x_wconf 85' lang='lat' dir='ltr'><strong><em>in</em></strong></span> <span class='ocrx_word' id='word_1_99' title='bbox 1046 599 1070 629; x_wconf 93' lang='lat' dir='ltr'><strong><em>t.</em></strong></span> <span class='ocrx_word' id='word_1_100' title='bbox 1087 597 1111 629; x_wconf 85' lang='grc'><strong><em>2</em></strong></span> <span class='ocrx_word' id='word_1_101' title='bbox 1133 591 1233 629; x_wconf 87' lang='lat' dir='ltr'><strong><em>more</em></strong></span> <span class='ocrx_word' id='word_1_102' title='bbox 1248 595 1421 639; x_wconf 84' lang='lat' dir='ltr'><strong><em>Romano,</em></strong></span> <span class='ocrx_word' id='word_1_103' title='bbox 1445 599 1484 630; x_wconf 90' lang='lat' dir='ltr'><strong><em>in</em></strong></span> <span class='ocrx_word' id='word_1_104' title='bbox 1508 599 1532 632; x_wconf 91' lang='lat' dir='ltr'><strong><em>t.</em></strong></span> <span class='ocrx_word' id='word_1_105' title='bbox 1546 598 1568 630; x_wconf 78' lang='lat'><strong><em>4</em></strong></span> <span class='ocrx_word' id='word_1_106' title='bbox 1590 607 1689 631; x_wconf 77' lang='lat' dir='ltr'><strong><em>more</em></strong></span> <span class='ocrx_word' id='word_1_107' title='bbox 1712 598 1838 632; x_wconf 72' lang='lat' dir='ltr'><strong><em>domus</em></strong></span> 
     </span>
     <span class='ocr_line' id='line_1_9' title="bbox 127 652 1838 698; baseline 0.003 -15"><span class='ocrx_word' id='word_1_108' title='bbox 127 653 249 693; x_wconf 82' lang='lat' dir='ltr'><strong><em>regiae</em></strong></span> <span class='ocrx_word' id='word_1_109' title='bbox 263 662 309 684; x_wconf 78' lang='lat' dir='ltr'><strong><em>ex</em></strong></span> <span class='ocrx_word' id='word_1_110' title='bbox 322 661 391 694; x_wconf 88' lang='lat' dir='ltr'><strong><em>qua</em></strong></span> <span class='ocrx_word' id='word_1_111' title='bbox 405 654 485 684; x_wconf 87' lang='lat' dir='ltr'><strong><em>erat</em></strong></span> <span class='ocrx_word' id='word_1_112' title='bbox 499 652 684 685; x_wconf 84' lang='lat' dir='ltr'><strong><em>oriundus.</em></strong></span> <span class='ocrx_word' id='word_1_113' title='bbox 720 652 812 685; x_wconf 87' lang='lat' dir='ltr'><strong><em>Fuit</em></strong></span> <span class='ocrx_word' id='word_1_114' title='bbox 823 655 942 685; x_wconf 89' lang='lat' dir='ltr'><strong><em>autem</em></strong></span> <span class='ocrx_word' id='word_1_115' title='bbox 956 653 1140 694; x_wconf 85' lang='lat' dir='ltr'><strong><em>oriundus,</em></strong></span> <span class='ocrx_word' id='word_1_116' title='bbox 1155 655 1197 685; x_wconf 93' lang='lat' dir='ltr'><strong><em>ut</em></strong></span> <span class='ocrx_word' id='word_1_117' title='bbox 1208 653 1376 686; x_wconf 86' lang='lat' dir='ltr'><strong><em>viderunt</em></strong></span> <span class='ocrx_word' id='word_1_118' title='bbox 1390 654 1505 696; x_wconf 86' lang='lat' dir='ltr'><strong><em>multi,</em></strong></span> <span class='ocrx_word' id='word_1_119' title='bbox 1522 665 1569 687; x_wconf 75' lang='lat' dir='ltr'><strong><em>ea:</em></strong></span> <span class='ocrx_word' id='word_1_120' title='bbox 1583 657 1696 698; x_wconf 81' lang='lat' dir='ltr'><strong><em>stirpe</em></strong></span> <span class='ocrx_word' id='word_1_121' title='bbox 1710 665 1838 698; x_wconf 70' lang='lat' dir='ltr'><strong><em>reg-um</em></strong></span> 
     </span>
     <span class='ocr_line' id='line_1_10' title="bbox 130 707 1837 755; baseline 0.003 -14"><span class='ocrx_word' id='word_1_122' title='bbox 130 707 389 750; x_wconf 78' lang='lat' dir='ltr'><strong><em>Commagenes,</em></strong></span> <span class='ocrx_word' id='word_1_123' title='bbox 405 709 502 748; x_wconf 76' lang='lat' dir='ltr'><strong><em>filius</em></strong></span> <span class='ocrx_word' id='word_1_124' title='bbox 518 709 719 752; x_wconf 86' lang='lat' dir='ltr'><strong><em>Epiphanis</em></strong></span> <span class='ocrx_word' id='word_1_125' title='bbox 733 710 808 741; x_wconf 89' lang='lat' dir='ltr'><strong><em>sive</em></strong></span> <span class='ocrx_word' id='word_1_126' title='bbox 823 710 920 751; x_wconf 82' lang='lat' dir='ltr'><strong><em>regis</em></strong></span> <span class='ocrx_word' id='word_1_127' title='bbox 934 709 1137 752; x_wconf 81' lang='lat' dir='ltr'><strong><em>Epiphanis</em></strong></span> <span class='ocrx_word' id='word_1_128' title='bbox 1154 711 1289 751; x_wconf 85' lang='lat' dir='ltr'><strong><em>(regem</em></strong></span> <span class='ocrx_word' id='word_1_129' title='bbox 1305 720 1384 743; x_wconf 89' lang='lat' dir='ltr'><strong><em>eum</em></strong></span> <span class='ocrx_word' id='word_1_130' title='bbox 1399 710 1559 754; x_wconf 85' lang='lat' dir='ltr'><strong><em>appellat</em></strong></span> <span class='ocrx_word' id='word_1_131' title='bbox 1572 710 1653 744; x_wconf 78' lang='lat' dir='ltr'><strong><em>Tac.</em></strong></span> <span class='ocrx_word' id='word_1_132' title='bbox 1666 712 1701 747; x_wconf 88' lang='lat' dir='ltr'><strong><em>h.</em></strong></span> <span class='ocrx_word' id='word_1_133' title='bbox 1711 713 1748 755; x_wconf 85' lang='grc'><strong><em>2,</em></strong></span> <span class='ocrx_word' id='word_1_134' title='bbox 1760 712 1837 755; x_wconf 74' lang='lat'><strong><em>25),</em></strong></span> 
     </span>
     <span class='ocr_line' id='line_1_11' title="bbox 127 763 1838 812; baseline 0.003 -15"><span class='ocrx_word' id='word_1_135' title='bbox 127 766 316 797; x_wconf 89' lang='lat' dir='ltr'><strong><em>memorati</em></strong></span> <span class='ocrx_word' id='word_1_136' title='bbox 339 776 360 798; x_wconf 91' lang='lat' dir='ltr'><strong><em>a</em></strong></span> <span class='ocrx_word' id='word_1_137' title='bbox 386 764 510 800; x_wconf 87' lang='lat' dir='ltr'><strong><em>Tacito</em></strong></span> <span class='ocrx_word' id='word_1_138' title='bbox 537 765 557 798; x_wconf 91' lang='lat' dir='ltr'><strong><em>l.</em></strong></span> <span class='ocrx_word' id='word_1_139' title='bbox 583 775 611 798; x_wconf 86' lang='lat' dir='ltr'><strong><em>e.</em></strong></span> <span class='ocrx_word' id='word_1_140' title='bbox 637 769 672 798; x_wconf 89' lang='lat' dir='ltr'><strong><em>et</em></strong></span> <span class='ocrx_word' id='word_1_141' title='bbox 693 777 715 798; x_wconf 89' lang='lat' dir='ltr'><strong><em>a</em></strong></span> <span class='ocrx_word' id='word_1_142' title='bbox 738 766 885 808; x_wconf 88' lang='lat' dir='ltr'><strong><em>Iosepho</em></strong></span> <span class='ocrx_word' id='word_1_143' title='bbox 910 768 984 799; x_wconf 89' lang='lat' dir='ltr'><strong><em>ant.</em></strong></span> <span class='ocrx_word' id='word_1_144' title='bbox 1010 765 1061 806; x_wconf 88' lang='grc'><strong><em>49,</em></strong></span> <span class='ocrx_word' id='word_1_145' title='bbox 1085 763 1117 807; x_wconf 86' lang='grc'><strong><em>9,</em></strong></span> <span class='ocrx_word' id='word_1_146' title='bbox 1141 767 1172 800; x_wconf 91' lang='grc'><strong><em>4.</em></strong></span> <span class='ocrx_word' id='word_1_147' title='bbox 1195 767 1252 807; x_wconf 86' lang='grc'><strong><em>20,</em></strong></span> <span class='ocrx_word' id='word_1_148' title='bbox 1275 767 1307 809; x_wconf 87' lang='grc'><strong><em>7,</em></strong></span> <span class='ocrx_word' id='word_1_149' title='bbox 1329 767 1360 800; x_wconf 90' lang='grc'><strong><em>4.</em></strong></span> <span class='ocrx_word' id='word_1_150' title='bbox 1386 766 1462 801; x_wconf 85' lang='lat' dir='ltr'><strong><em>bell.</em></strong></span> <span class='ocrx_word' id='word_1_151' title='bbox 1484 767 1517 809; x_wconf 90' lang='lat'><strong><em>7,</em></strong></span> <span class='ocrx_word' id='word_1_152' title='bbox 1538 767 1570 809; x_wconf 89' lang='lat'><strong><em>7,</em></strong></span> <span class='ocrx_word' id='word_1_153' title='bbox 1593 768 1702 812; x_wconf 85' lang='grc'><strong><em>4-5,</em></strong></span> <span class='ocrx_word' id='word_1_154' title='bbox 1729 778 1838 812; x_wconf 73' lang='lat' dir='ltr'><strong><em>nepos</em></strong></span> 
     </span>
     <span class='ocr_line' id='line_1_12' title="bbox 125 821 1824 867; baseline 0.002 -12"><span class='ocrx_word' id='word_1_155' title='bbox 125 822 298 855; x_wconf 77' lang='lat' dir='ltr'><strong><em>Antiochi</em></strong></span> <span class='ocrx_word' id='word_1_156' title='bbox 321 823 384 865; x_wconf 86' lang='lat' dir='ltr'><strong><em>qui</em></strong></span> <span class='ocrx_word' id='word_1_157' title='bbox 406 822 569 862; x_wconf 83' lang='lat' dir='ltr'><strong><em>ultimus,</em></strong></span> <span class='ocrx_word' id='word_1_158' title='bbox 599 833 621 854; x_wconf 88' lang='lat' dir='ltr'><strong><em>a</em></strong></span> <span class='ocrx_word' id='word_1_159' title='bbox 647 821 788 855; x_wconf 83' lang='lat' dir='ltr'><strong><em>Claudii</em></strong></span> <span class='ocrx_word' id='word_1_160' title='bbox 811 823 1024 865; x_wconf 81' lang='lat' dir='ltr'><strong><em>temporibus</em></strong></span> <span class='ocrx_word' id='word_1_161' title='bbox 1047 832 1158 865; x_wconf 87' lang='lat' dir='ltr'><strong><em>usque</em></strong></span> <span class='ocrx_word' id='word_1_162' title='bbox 1181 823 1230 855; x_wconf 86' lang='lat' dir='ltr'><strong><em>ad</em></strong></span> <span class='ocrx_word' id='word_1_163' title='bbox 1251 834 1284 857; x_wconf 87' lang='lat' dir='ltr'><strong><em>a.</em></strong></span> <span class='ocrx_word' id='word_1_164' title='bbox 1305 834 1341 866; x_wconf 90' lang='lat' dir='ltr'><strong><em>p.</em></strong></span> <span class='ocrx_word' id='word_1_165' title='bbox 1368 823 1448 857; x_wconf 78' lang='lat' dir='ltr'><strong><em>Chr.</em></strong></span> <span class='ocrx_word' id='word_1_166' title='bbox 1470 823 1526 864; x_wconf 90' lang='grc'><strong><em>72,</em></strong></span> <span class='ocrx_word' id='word_1_167' title='bbox 1549 833 1700 867; x_wconf 73' lang='lat' dir='ltr'><strong><em>regnum</em></strong></span> <span class='ocrx_word' id='word_1_168' title='bbox 1724 823 1824 858; x_wconf 81' lang='lat' dir='ltr'><strong><em>Gom-</em></strong></span> 
     </span>
     <span class='ocr_line' id='line_1_13' title="bbox 126 876 1840 925; baseline 0.003 -15"><span class='ocrx_word' id='word_1_169' title='bbox 126 887 294 920; x_wconf 81' lang='lat' dir='ltr'><strong><em>magenes</em></strong></span> <span class='ocrx_word' id='word_1_170' title='bbox 318 880 433 911; x_wconf 88' lang='lat' dir='ltr'><strong><em>tenuit</em></strong></span> <span class='ocrx_word' id='word_1_171' title='bbox 456 876 521 918; x_wconf 73' lang='lat' dir='ltr'><strong><em>(cfi</em></strong></span> <span class='ocrx_word' id='word_1_172' title='bbox 538 878 731 911; x_wconf 88' lang='lat' dir='ltr'><strong><em>Mommsen</em></strong></span> <span class='ocrx_word' id='word_1_173' title='bbox 747 878 865 911; x_wconf 90' lang='lat' dir='ltr'><strong><em>Mitth.</em></strong></span> <span class='ocrx_word' id='word_1_174' title='bbox 889 878 949 911; x_wconf 86' lang='lat' dir='ltr'><strong><em>des</em></strong></span> <span class='ocrx_word' id='word_1_175' title='bbox 972 880 1069 912; x_wconf 83' lang='lat' dir='ltr'><strong><em>arch.</em></strong></span> <span class='ocrx_word' id='word_1_176' title='bbox 1088 879 1175 912; x_wconf 89' lang='lat' dir='ltr'><strong><em>Inst.</em></strong></span> <span class='ocrx_word' id='word_1_177' title='bbox 1200 881 1240 912; x_wconf 89' lang='lat' dir='ltr'><strong><em>in</em></strong></span> <span class='ocrx_word' id='word_1_178' title='bbox 1256 880 1372 912; x_wconf 83' lang='lat' dir='ltr'><strong><em>Athen</em></strong></span> <span class='ocrx_word' id='word_1_179' title='bbox 1392 880 1414 912; x_wconf 87' lang='grc' dir='ltr'><em>Ι</em></span> <span class='ocrx_word' id='word_1_180' title='bbox 1428 890 1467 923; x_wconf 87' lang='lat' dir='ltr'><strong><em>p.</em></strong></span> <span class='ocrx_word' id='word_1_181' title='bbox 1481 880 1529 914; x_wconf 86' lang='grc'><strong><em>56</em></strong></span> <span class='ocrx_word' id='word_1_182' title='bbox 1538 884 1638 924; x_wconf 82' lang='lat' dir='ltr'><strong><em>seq.).</em></strong></span> <span class='ocrx_word' id='word_1_183' title='bbox 1675 879 1772 914; x_wconf 76' lang='lat' dir='ltr'><strong><em>laem</em></strong></span> <span class='ocrx_word' id='word_1_184' title='bbox 1787 891 1840 925; x_wconf 54' lang='grc' dir='ltr'><strong><em>σεχ</em></strong></span> 
     </span>
     <span class='ocr_line' id='line_1_14' title="bbox 128 935 1838 980; baseline 0.002 -13"><span class='ocrx_word' id='word_1_185' title='bbox 128 935 372 978; x_wconf 85' lang='lat' dir='ltr'><strong><em>Philopappus</em></strong></span> <span class='ocrx_word' id='word_1_186' title='bbox 385 938 604 968; x_wconf 87' lang='lat' dir='ltr'><strong><em>memoratus</em></strong></span> <span class='ocrx_word' id='word_1_187' title='bbox 620 946 642 968; x_wconf 91' lang='lat' dir='ltr'><strong><em>a</em></strong></span> <span class='ocrx_word' id='word_1_188' title='bbox 655 936 847 968; x_wconf 85' lang='lat' dir='ltr'><strong><em>Plutarcho</em></strong></span> <span class='ocrx_word' id='word_1_189' title='bbox 865 938 997 978; x_wconf 84' lang='lat' dir='ltr'><strong><em>quaest.</em></strong></span> <span class='ocrx_word' id='word_1_190' title='bbox 1014 946 1127 979; x_wconf 78' lang='lat' dir='ltr'><strong><em>symp.</em></strong></span> <span class='ocrx_word' id='word_1_191' title='bbox 1140 936 1171 978; x_wconf 89' lang='grc'><strong><em>4,</em></strong></span> <span class='ocrx_word' id='word_1_192' title='bbox 1183 936 1237 977; x_wconf 87' lang='grc'><strong><em>40,</em></strong></span> <span class='ocrx_word' id='word_1_193' title='bbox 1250 937 1280 969; x_wconf 92' lang='grc'><strong><em>4.</em></strong></span> <span class='ocrx_word' id='word_1_194' title='bbox 1317 936 1413 969; x_wconf 86' lang='lat' dir='ltr'><strong><em>Idem</em></strong></span> <span class='ocrx_word' id='word_1_195' title='bbox 1424 938 1550 980; x_wconf 84' lang='lat' dir='ltr'><strong><em>posuit</em></strong></span> <span class='ocrx_word' id='word_1_196' title='bbox 1564 936 1708 970; x_wconf 75' lang='lat' dir='ltr'><strong><em>titutum</em></strong></span> <span class='ocrx_word' id='word_1_197' title='bbox 1723 946 1838 980; x_wconf 80' lang='lat' dir='ltr'><strong><em>nuper</em></strong></span> 
     </span>
     <span class='ocr_line' id='line_1_15' title="bbox 126 987 1838 1038; baseline 0.002 -11"><span class='ocrx_word' id='word_1_198' title='bbox 126 1002 198 1035; x_wconf 83' lang='lat' dir='ltr'><strong><em>rep.</em></strong></span> <span class='ocrx_word' id='word_1_199' title='bbox 226 992 431 1036; x_wconf 73' lang='lat' dir='ltr'><strong><em>Lyco-surae</em></strong></span> <span class='ocrx_word' id='word_1_200' title='bbox 456 993 494 1024; x_wconf 77' lang='lat' dir='ltr'><strong><em>in</em></strong></span> <span class='ocrx_word' id='word_1_201' title='bbox 510 992 670 1025; x_wconf 81' lang='lat' dir='ltr'><strong><em>Arcadia</em></strong></span> <span class='ocrx_word' id='word_1_202' title='bbox 695 987 895 1038; x_wconf 73' lang='grc' dir='ltr'><strong><em>(Ἀρχαιολ.</em></strong></span> <span class='ocrx_word' id='word_1_203' title='bbox 920 991 1081 1028; x_wconf 83' lang='grc' dir='ltr'><strong><em>Δελτίον</em></strong></span> <span class='ocrx_word' id='word_1_204' title='bbox 1104 992 1189 1026; x_wconf 85' lang='grc'><strong><em>4890</em></strong></span> <span class='ocrx_word' id='word_1_205' title='bbox 1208 1003 1246 1036; x_wconf 87' lang='lat' dir='ltr'><strong><em>p.</em></strong></span> <span class='ocrx_word' id='word_1_206' title='bbox 1262 995 1322 1035; x_wconf 76' lang='lat'><strong><em>45)</em></strong></span> <span class='ocrx_word' id='word_1_207' title='bbox 1345 994 1410 1025; x_wconf 82' lang='lat' dir='ltr'><strong><em>ubi</em></strong></span> <span class='ocrx_word' id='word_1_208' title='bbox 1432 993 1635 1037; x_wconf 68' lang='lat' dir='ltr'><strong><em>appellatur·</em></strong></span> <span class='ocrx_word' id='word_1_209' title='bbox 1657 989 1838 1035; x_wconf 79' lang='grc' dir='ltr'><strong><em>Βασιλεὺς</em></strong></span> 
     </span>
     <span class='ocr_line' id='line_1_16' title="bbox 125 1042 1838 1095; baseline -0.001 -11"><span class='ocrx_word' id='word_1_210' title='bbox 125 1042 277 1091; x_wconf 79' lang='grc' dir='ltr'><strong><em>Ἰούλιος</em></strong></span> <span class='ocrx_word' id='word_1_211' title='bbox 297 1043 502 1095; x_wconf 83' lang='grc' dir='ltr'><em>Ἐπιφανὴς</em></span> <span class='ocrx_word' id='word_1_212' title='bbox 533 1044 801 1090; x_wconf 82' lang='grc' dir='ltr'><em>Φιλόπαππος.</em></span> <span class='ocrx_word' id='word_1_213' title='bbox 849 1048 974 1081; x_wconf 81' lang='lat' dir='ltr'><strong><em>Eidem</em></strong></span> <span class='ocrx_word' id='word_1_214' title='bbox 1002 1051 1142 1091; x_wconf 85' lang='lat' dir='ltr'><strong><em>positus</em></strong></span> <span class='ocrx_word' id='word_1_215' title='bbox 1173 1052 1225 1081; x_wconf 89' lang='lat' dir='ltr'><strong><em>est</em></strong></span> <span class='ocrx_word' id='word_1_216' title='bbox 1247 1050 1395 1082; x_wconf 87' lang='lat' dir='ltr'><strong><em>Athenis</em></strong></span> <span class='ocrx_word' id='word_1_217' title='bbox 1428 1049 1462 1083; x_wconf 82' lang='lat'><strong><em>0.</em></strong></span> <span class='ocrx_word' id='word_1_218' title='bbox 1491 1049 1519 1084; x_wconf 91' lang='lat'><strong><em>1.</em></strong></span> <span class='ocrx_word' id='word_1_219' title='bbox 1543 1050 1617 1083; x_wconf 87' lang='lat' dir='ltr'><strong><em>Att.</em></strong></span> <span class='ocrx_word' id='word_1_220' title='bbox 1639 1051 1676 1092; x_wconf 87' lang='lat'><strong><em>5,</em></strong></span> <span class='ocrx_word' id='word_1_221' title='bbox 1698 1050 1742 1083; x_wconf 80' lang='grc'><strong><em>78</em></strong></span> <span class='ocrx_word' id='word_1_222' title='bbox 1771 1048 1838 1090; x_wconf 69' lang='lat' dir='ltr'><strong><em>(cs.</em></strong></span> 
     </span>
     <span class='ocr_line' id='line_1_17' title="bbox 123 1103 1836 1149; baseline 0.001 -11"><span class='ocrx_word' id='word_1_223' title='bbox 123 1108 314 1149; x_wconf 85' lang='lat' dir='ltr'><strong><em>praeterea</em></strong></span> <span class='ocrx_word' id='word_1_224' title='bbox 340 1105 375 1139; x_wconf 81' lang='lat' dir='ltr'><strong><em>C.</em></strong></span> <span class='ocrx_word' id='word_1_225' title='bbox 400 1105 427 1139; x_wconf 92' lang='lat' dir='ltr'><strong><em>I.</em></strong></span> <span class='ocrx_word' id='word_1_226' title='bbox 452 1106 525 1138; x_wconf 82' lang='lat' dir='ltr'><strong><em>Ait.</em></strong></span> <span class='ocrx_word' id='word_1_227' title='bbox 549 1107 584 1147; x_wconf 88' lang='lat'><strong><em>5,</em></strong></span> <span class='ocrx_word' id='word_1_228' title='bbox 607 1105 714 1140; x_wconf 85' lang='lat' dir='ltr'><strong><em>758d.</em></strong></span> <span class='ocrx_word' id='word_1_229' title='bbox 739 1105 855 1144; x_wconf 84' lang='grc'><strong><em>4020).</em></strong></span> <span class='ocrx_word' id='word_1_230' title='bbox 891 1103 997 1147; x_wconf 81' lang='lat' dir='ltr'><strong><em>Regis</em></strong></span> <span class='ocrx_word' id='word_1_231' title='bbox 1025 1106 1196 1138; x_wconf 86' lang='lat' dir='ltr'><strong><em>vocabulo</em></strong></span> <span class='ocrx_word' id='word_1_232' title='bbox 1221 1107 1255 1138; x_wconf 89' lang='lat' dir='ltr'><strong><em>ei</em></strong></span> <span class='ocrx_word' id='word_1_233' title='bbox 1279 1106 1422 1139; x_wconf 76' lang='lat' dir='ltr'><strong><em>licuisse</em></strong></span> <span class='ocrx_word' id='word_1_234' title='bbox 1448 1108 1504 1139; x_wconf 84' lang='lat' dir='ltr'><strong><em>uti</em></strong></span> <span class='ocrx_word' id='word_1_235' title='bbox 1526 1105 1682 1140; x_wconf 81' lang='lat' dir='ltr'><strong><em>notabile</em></strong></span> <span class='ocrx_word' id='word_1_236' title='bbox 1706 1107 1767 1140; x_wconf 81' lang='lat' dir='ltr'><strong><em>est.</em></strong></span> <span class='ocrx_word' id='word_1_237' title='bbox 1791 1124 1836 1130; x_wconf 92' lang='lat'><strong><em>--</em></strong></span> 
     </span>
     <span class='ocr_line' id='line_1_18' title="bbox 133 1161 1837 1209; baseline -0.001 -13"><span class='ocrx_word' id='word_1_238' title='bbox 133 1161 170 1196; x_wconf 88' lang='lat' dir='ltr'><strong><em>T.</em></strong></span> <span class='ocrx_word' id='word_1_239' title='bbox 187 1162 205 1195; x_wconf 90' lang='grc'><strong><em>4</em></strong></span> <span class='ocrx_word' id='word_1_240' title='bbox 230 1162 373 1195; x_wconf 86' lang='lat' dir='ltr'><strong><em>videtur</em></strong></span> <span class='ocrx_word' id='word_1_241' title='bbox 395 1165 557 1205; x_wconf 85' lang='lat' dir='ltr'><strong><em>spectare</em></strong></span> <span class='ocrx_word' id='word_1_242' title='bbox 581 1162 630 1194; x_wconf 84' lang='lat' dir='ltr'><strong><em>ad</em></strong></span> <span class='ocrx_word' id='word_1_243' title='bbox 646 1162 862 1209; x_wconf 85' lang='lat' dir='ltr'><strong><em>Antiochum</em></strong></span> <span class='ocrx_word' id='word_1_244' title='bbox 886 1172 992 1195; x_wconf 86' lang='lat' dir='ltr'><strong><em>avum</em></strong></span> <span class='ocrx_word' id='word_1_245' title='bbox 1009 1162 1222 1205; x_wconf 87' lang='lat' dir='ltr'><strong><em>Philopappi</em></strong></span> <span class='ocrx_word' id='word_1_246' title='bbox 1245 1161 1309 1202; x_wconf 69' lang='lat' dir='ltr'><strong><em>(csZ</em></strong></span> <span class='ocrx_word' id='word_1_247' title='bbox 1333 1165 1472 1206; x_wconf 82' lang='lat' dir='ltr'><strong><em>supra),</em></strong></span> <span class='ocrx_word' id='word_1_248' title='bbox 1498 1164 1559 1197; x_wconf 53' lang='grc' dir='ltr'><strong><em>ιδ</em></strong></span> <span class='ocrx_word' id='word_1_249' title='bbox 1582 1162 1631 1195; x_wconf 82' lang='lat' dir='ltr'><strong><em>ad</em></strong></span> <span class='ocrx_word' id='word_1_250' title='bbox 1653 1161 1837 1195; x_wconf 81' lang='lat' dir='ltr'><strong><em>Seleucum</em></strong></span> 
     </span>
     <span class='ocr_line' id='line_1_19' title="bbox 127 1217 1837 1263; baseline 0 -12"><span class='ocrx_word' id='word_1_251' title='bbox 127 1220 349 1251; x_wconf 84' lang='lat' dir='ltr'><strong><em>notissimum</em></strong></span> <span class='ocrx_word' id='word_1_252' title='bbox 380 1228 498 1260; x_wconf 82' lang='lat' dir='ltr'><strong><em>regem</em></strong></span> <span class='ocrx_word' id='word_1_253' title='bbox 525 1218 672 1262; x_wconf 76' lang='lat' dir='ltr'><strong><em>Syriae,</em></strong></span> <span class='ocrx_word' id='word_1_254' title='bbox 703 1230 725 1251; x_wconf 88' lang='lat' dir='ltr'><strong><em>a</em></strong></span> <span class='ocrx_word' id='word_1_255' title='bbox 758 1229 827 1261; x_wconf 87' lang='lat' dir='ltr'><strong><em>quo</em></strong></span> <span class='ocrx_word' id='word_1_256' title='bbox 855 1229 921 1261; x_wconf 88' lang='lat' dir='ltr'><strong><em>per</em></strong></span> <span class='ocrx_word' id='word_1_257' title='bbox 944 1217 1158 1251; x_wconf 84' lang='lat' dir='ltr'><strong><em>Laodiceam</em></strong></span> <span class='ocrx_word' id='word_1_258' title='bbox 1181 1218 1352 1252; x_wconf 86' lang='lat' dir='ltr'><strong><em>Antiochi</em></strong></span> <span class='ocrx_word' id='word_1_259' title='bbox 1376 1218 1490 1263; x_wconf 78' lang='lat' dir='ltr'><strong><em>Grypi</em></strong></span> <span class='ocrx_word' id='word_1_260' title='bbox 1514 1218 1630 1259; x_wconf 76' lang='lat' dir='ltr'><strong><em>filiam</em></strong></span> <span class='ocrx_word' id='word_1_261' title='bbox 1656 1218 1837 1252; x_wconf 73' lang='lat' dir='ltr'><strong><em>descende-</em></strong></span> 
     </span>
     <span class='ocr_line' id='line_1_20' title="bbox 129 1273 1838 1318; baseline 0 -11"><span class='ocrx_word' id='word_1_262' title='bbox 129 1276 215 1308; x_wconf 88' lang='lat' dir='ltr'><strong><em>bant</em></strong></span> <span class='ocrx_word' id='word_1_263' title='bbox 228 1285 330 1317; x_wconf 86' lang='lat' dir='ltr'><strong><em>reges</em></strong></span> <span class='ocrx_word' id='word_1_264' title='bbox 347 1275 599 1317; x_wconf 82' lang='lat' dir='ltr'><strong><em>Commagenes</em></strong></span> <span class='ocrx_word' id='word_1_265' title='bbox 615 1273 679 1315; x_wconf 61' lang='lat' dir='ltr'><strong><em>(esi</em></strong></span> <span class='ocrx_word' id='word_1_266' title='bbox 696 1274 765 1308; x_wconf 90' lang='lat' dir='ltr'><strong><em>Mo.</em></strong></span> <span class='ocrx_word' id='word_1_267' title='bbox 784 1275 805 1309; x_wconf 88' lang='lat' dir='ltr'><strong><em>l.</em></strong></span> <span class='ocrx_word' id='word_1_268' title='bbox 823 1285 851 1308; x_wconf 92' lang='lat' dir='ltr'><strong><em>c.</em></strong></span> <span class='ocrx_word' id='word_1_269' title='bbox 863 1285 902 1318; x_wconf 87' lang='lat' dir='ltr'><strong><em>p.</em></strong></span> <span class='ocrx_word' id='word_1_270' title='bbox 918 1276 964 1308; x_wconf 83' lang='lat'><strong><em>27</em></strong></span> <span class='ocrx_word' id='word_1_271' title='bbox 986 1277 1020 1307; x_wconf 91' lang='lat' dir='ltr'><strong><em>et</em></strong></span> <span class='ocrx_word' id='word_1_272' title='bbox 1034 1277 1180 1308; x_wconf 84' lang='lat' dir='ltr'><strong><em>stemma</em></strong></span> <span class='ocrx_word' id='word_1_273' title='bbox 1202 1277 1426 1318; x_wconf 86' lang='lat' dir='ltr'><strong><em>propositum</em></strong></span> <span class='ocrx_word' id='word_1_274' title='bbox 1447 1276 1494 1309; x_wconf 87' lang='lat' dir='ltr'><strong><em>ib.</em></strong></span> <span class='ocrx_word' id='word_1_275' title='bbox 1509 1286 1545 1318; x_wconf 91' lang='lat' dir='ltr'><strong><em>p.</em></strong></span> <span class='ocrx_word' id='word_1_276' title='bbox 1560 1277 1635 1318; x_wconf 79' lang='lat'><strong><em>59).</em></strong></span> <span class='ocrx_word' id='word_1_277' title='bbox 1676 1274 1838 1309; x_wconf 79' lang='lat' dir='ltr'><strong><em>Ceterum</em></strong></span> 
     </span>
     <span class='ocr_line' id='line_1_21' title="bbox 128 1331 1838 1375; baseline 0 -11"><span class='ocrx_word' id='word_1_278' title='bbox 128 1332 193 1364; x_wconf 77' lang='lat' dir='ltr'><strong><em>vix</em></strong></span> <span class='ocrx_word' id='word_1_279' title='bbox 204 1334 323 1374; x_wconf 88' lang='lat' dir='ltr'><strong><em>potest</em></strong></span> <span class='ocrx_word' id='word_1_280' title='bbox 337 1332 498 1365; x_wconf 85' lang='lat' dir='ltr'><strong><em>dubitari</em></strong></span> <span class='ocrx_word' id='word_1_281' title='bbox 514 1333 601 1374; x_wconf 89' lang='lat' dir='ltr'><strong><em>quin</em></strong></span> <span class='ocrx_word' id='word_1_282' title='bbox 614 1331 854 1375; x_wconf 87' lang='lat' dir='ltr'><strong><em>Philopappus</em></strong></span> <span class='ocrx_word' id='word_1_283' title='bbox 870 1334 1034 1364; x_wconf 73' lang='lat' dir='ltr'><strong><em>eoetructo</em></strong></span> <span class='ocrx_word' id='word_1_284' title='bbox 1051 1332 1117 1365; x_wconf 87' lang='lat' dir='ltr'><strong><em>hoc</em></strong></span> <span class='ocrx_word' id='word_1_285' title='bbox 1131 1335 1358 1365; x_wconf 87' lang='lat' dir='ltr'><strong><em>monumento</em></strong></span> <span class='ocrx_word' id='word_1_286' title='bbox 1373 1333 1513 1365; x_wconf 82' lang='lat' dir='ltr'><strong><em>imitari</em></strong></span> <span class='ocrx_word' id='word_1_287' title='bbox 1523 1331 1681 1366; x_wconf 74' lang='lat' dir='ltr'><strong><em>voluerit</em></strong></span> <span class='ocrx_word' id='word_1_288' title='bbox 1692 1333 1838 1364; x_wconf 79' lang='lat' dir='ltr'><strong><em>atavum</em></strong></span> 
     </span>
     <span class='ocr_line' id='line_1_22' title="bbox 127 1387 1838 1432; baseline -0.001 -11"><span class='ocrx_word' id='word_1_289' title='bbox 127 1398 231 1421; x_wconf 81' lang='lat' dir='ltr'><strong><em>suum</em></strong></span> <span class='ocrx_word' id='word_1_290' title='bbox 254 1388 487 1430; x_wconf 86' lang='lat' dir='ltr'><strong><em>Antiochum,</em></strong></span> <span class='ocrx_word' id='word_1_291' title='bbox 518 1388 734 1430; x_wconf 82' lang='lat' dir='ltr'><strong><em>temporibus</em></strong></span> <span class='ocrx_word' id='word_1_292' title='bbox 758 1387 901 1421; x_wconf 86' lang='lat' dir='ltr'><strong><em>Luculli</em></strong></span> <span class='ocrx_word' id='word_1_293' title='bbox 931 1391 967 1420; x_wconf 89' lang='lat' dir='ltr'><strong><em>et</em></strong></span> <span class='ocrx_word' id='word_1_294' title='bbox 989 1389 1147 1431; x_wconf 87' lang='lat' dir='ltr'><strong><em>Pompeii</em></strong></span> <span class='ocrx_word' id='word_1_295' title='bbox 1177 1398 1297 1431; x_wconf 82' lang='lat' dir='ltr'><strong><em>regem</em></strong></span> <span class='ocrx_word' id='word_1_296' title='bbox 1322 1389 1590 1431; x_wconf 78' lang='lat' dir='ltr'><strong><em>Commagenes,</em></strong></span> <span class='ocrx_word' id='word_1_297' title='bbox 1623 1389 1685 1432; x_wconf 85' lang='lat' dir='ltr'><strong><em>qui</em></strong></span> <span class='ocrx_word' id='word_1_298' title='bbox 1712 1397 1838 1421; x_wconf 80' lang='lat' dir='ltr'><strong><em>monu-</em></strong></span> 
     </span>
     <span class='ocr_line' id='line_1_23' title="bbox 128 1444 1839 1488; baseline -0.001 -11"><span class='ocrx_word' id='word_1_299' title='bbox 128 1448 283 1478; x_wconf 87' lang='lat' dir='ltr'><strong><em>mentum</em></strong></span> <span class='ocrx_word' id='word_1_300' title='bbox 312 1446 352 1477; x_wconf 87' lang='lat' dir='ltr'><strong><em>in</em></strong></span> <span class='ocrx_word' id='word_1_301' title='bbox 380 1444 499 1478; x_wconf 85' lang='lat' dir='ltr'><strong><em>Tauro</em></strong></span> <span class='ocrx_word' id='word_1_302' title='bbox 530 1447 648 1478; x_wconf 91' lang='lat' dir='ltr'><strong><em>monte</em></strong></span> <span class='ocrx_word' id='word_1_303' title='bbox 680 1447 886 1477; x_wconf 75' lang='lat' dir='ltr'><strong><em>eoetructum</em></strong></span> <span class='ocrx_word' id='word_1_304' title='bbox 916 1447 1046 1477; x_wconf 83' lang='lat' dir='ltr'><strong><em>statuis</em></strong></span> <span class='ocrx_word' id='word_1_305' title='bbox 1069 1445 1254 1488; x_wconf 75' lang='lat' dir='ltr'><strong><em>titulisque</em></strong></span> <span class='ocrx_word' id='word_1_306' title='bbox 1275 1446 1454 1478; x_wconf 83' lang='lat' dir='ltr'><strong><em>maiorum</em></strong></span> <span class='ocrx_word' id='word_1_307' title='bbox 1476 1454 1624 1478; x_wconf 82' lang='lat' dir='ltr'><strong><em>suorum</em></strong></span> <span class='ocrx_word' id='word_1_308' title='bbox 1647 1445 1839 1478; x_wconf 62' lang='lat' dir='ltr'><strong><em>exornavit</em></strong></span> 
     </span>
     <span class='ocr_line' id='line_1_24' title="bbox 130 1499 1838 1544; baseline 0 -10"><span class='ocrx_word' id='word_1_309' title='bbox 130 1501 336 1541; x_wconf 85' lang='lat' dir='ltr'><strong><em>(Puchstein</em></strong></span> <span class='ocrx_word' id='word_1_310' title='bbox 361 1501 605 1544; x_wconf 76' lang='lat' dir='ltr'><strong><em>Sltzungsber.</em></strong></span> <span class='ocrx_word' id='word_1_311' title='bbox 637 1501 699 1534; x_wconf 87' lang='lat' dir='ltr'><strong><em>der</em></strong></span> <span class='ocrx_word' id='word_1_312' title='bbox 725 1501 819 1534; x_wconf 86' lang='lat' dir='ltr'><strong><em>Berl.</em></strong></span> <span class='ocrx_word' id='word_1_313' title='bbox 845 1500 959 1534; x_wconf 77' lang='lat' dir='ltr'><strong><em>Alcad.</em></strong></span> <span class='ocrx_word' id='word_1_314' title='bbox 984 1501 1074 1535; x_wconf 82' lang='grc'><strong><em>4885</em></strong></span> <span class='ocrx_word' id='word_1_315' title='bbox 1095 1512 1129 1544; x_wconf 89' lang='lat' dir='ltr'><strong><em>p.</em></strong></span> <span class='ocrx_word' id='word_1_316' title='bbox 1154 1503 1218 1543; x_wconf 74' lang='lat'><strong><em>49,·</em></strong></span> <span class='ocrx_word' id='word_1_317' title='bbox 1248 1502 1414 1534; x_wconf 84' lang='lat' dir='ltr'><strong><em>Humann</em></strong></span> <span class='ocrx_word' id='word_1_318' title='bbox 1437 1504 1474 1534; x_wconf 89' lang='lat' dir='ltr'><strong><em>et</em></strong></span> <span class='ocrx_word' id='word_1_319' title='bbox 1493 1502 1684 1535; x_wconf 69' lang='lat' dir='ltr'><strong><em>,Puchstein</em></strong></span> <span class='ocrx_word' id='word_1_320' title='bbox 1713 1499 1838 1534; x_wconf 73' lang='lat' dir='ltr'><strong><em>Ileiscn</em></strong></span> 
     </span>
     <span class='ocr_line' id='line_1_25' title="bbox 129 1556 1838 1602; baseline 0.001 -12"><span class='ocrx_word' id='word_1_321' title='bbox 129 1560 168 1590; x_wconf 88' lang='lat' dir='ltr'><strong><em>in</em></strong></span> <span class='ocrx_word' id='word_1_322' title='bbox 185 1557 387 1591; x_wconf 81' lang='lat' dir='ltr'><strong><em>Kleinasien</em></strong></span> <span class='ocrx_word' id='word_1_323' title='bbox 403 1569 437 1591; x_wconf 86' lang='lat' dir='ltr'><strong><em>u.</em></strong></span> <span class='ocrx_word' id='word_1_324' title='bbox 454 1557 678 1602; x_wconf 73' lang='lat' dir='ltr'><strong><em>Nordsyrien</em></strong></span> <span class='ocrx_word' id='word_1_325' title='bbox 690 1568 726 1600; x_wconf 88' lang='lat' dir='ltr'><strong><em>p.</em></strong></span> <span class='ocrx_word' id='word_1_326' title='bbox 743 1558 815 1592; x_wconf 88' lang='grc'><strong><em>252</em></strong></span> <span class='ocrx_word' id='word_1_327' title='bbox 828 1569 896 1600; x_wconf 91' lang='lat' dir='ltr'><strong><em>seq.</em></strong></span> <span class='ocrx_word' id='word_1_328' title='bbox 895 1561 925 1600; x_wconf 87' lang='lat'><strong><em>).</em></strong></span> <span class='ocrx_word' id='word_1_329' title='bbox 942 1576 988 1582; x_wconf 93' lang='lat'><strong><em>-—</em></strong></span> <span class='ocrx_word' id='word_1_330' title='bbox 1008 1559 1039 1598; x_wconf 86' lang='lat'><strong><em>1)</em></strong></span> <span class='ocrx_word' id='word_1_331' title='bbox 1064 1557 1117 1590; x_wconf 87' lang='lat' dir='ltr'><strong><em>De</em></strong></span> <span class='ocrx_word' id='word_1_332' title='bbox 1135 1559 1231 1590; x_wconf 88' lang='lat' dir='ltr'><strong><em>tribu</em></strong></span> <span class='ocrx_word' id='word_1_333' title='bbox 1248 1558 1364 1591; x_wconf 85' lang='lat' dir='ltr'><strong><em>Fabia</em></strong></span> <span class='ocrx_word' id='word_1_334' title='bbox 1390 1557 1438 1597; x_wconf 77' lang='lat' dir='ltr'><strong><em>cf.</em></strong></span> <span class='ocrx_word' id='word_1_335' title='bbox 1454 1557 1504 1591; x_wconf 85' lang='lat' dir='ltr'><strong><em>ad</em></strong></span> <span class='ocrx_word' id='word_1_336' title='bbox 1517 1556 1563 1593; x_wconf 87' lang='lat' dir='ltr'><strong><em>N.</em></strong></span> <span class='ocrx_word' id='word_1_337' title='bbox 1575 1558 1639 1592; x_wconf 71' lang='lat'><strong><em>844</em></strong></span> <span class='ocrx_word' id='word_1_338' title='bbox 1654 1560 1727 1592; x_wconf 83' lang='lat' dir='ltr'><strong><em>not.</em></strong></span> <span class='ocrx_word' id='word_1_339' title='bbox 1744 1557 1775 1592; x_wconf 81' lang='grc'><strong><em>4.</em></strong></span> <span class='ocrx_word' id='word_1_340' title='bbox 1790 1575 1838 1583; x_wconf 90' lang='lat'><strong><em>——</em></strong></span> 
     </span>
     <span class='ocr_line' id='line_1_26' title="bbox 130 1613 1838 1658; baseline 0 -10"><span class='ocrx_word' id='word_1_341' title='bbox 130 1615 164 1657; x_wconf 86' lang='lat'><strong><em>2)</em></strong></span> <span class='ocrx_word' id='word_1_342' title='bbox 184 1613 362 1648; x_wconf 83' lang='lat' dir='ltr'><strong><em>Traianus</em></strong></span> <span class='ocrx_word' id='word_1_343' title='bbox 379 1625 458 1648; x_wconf 88' lang='lat' dir='ltr'><strong><em>cum</em></strong></span> <span class='ocrx_word' id='word_1_344' title='bbox 475 1615 674 1658; x_wconf 87' lang='lat' dir='ltr'><strong><em>appelletur</em></strong></span> <span class='ocrx_word' id='word_1_345' title='bbox 691 1614 859 1657; x_wconf 84' lang='lat' dir='ltr'><strong><em>Optimus,</em></strong></span> <span class='ocrx_word' id='word_1_346' title='bbox 884 1625 956 1647; x_wconf 88' lang='lat' dir='ltr'><strong><em>non</em></strong></span> <span class='ocrx_word' id='word_1_347' title='bbox 977 1615 1176 1657; x_wconf 85' lang='lat' dir='ltr'><strong><em>appelletur</em></strong></span> <span class='ocrx_word' id='word_1_348' title='bbox 1191 1615 1379 1648; x_wconf 85' lang='lat' dir='ltr'><strong><em>Parthicus</em></strong></span> <span class='ocrx_word' id='word_1_349' title='bbox 1397 1613 1460 1654; x_wconf 65' lang='lat' dir='ltr'><strong><em>(cll</em></strong></span> <span class='ocrx_word' id='word_1_350' title='bbox 1477 1625 1587 1658; x_wconf 81' lang='lat' dir='ltr'><strong><em>supra</em></strong></span> <span class='ocrx_word' id='word_1_351' title='bbox 1598 1613 1838 1657; x_wconf 82' lang='grc' dir='ltr'><strong><em>Ν.295.297),</em></strong></span> 
     </span>
     <span class='ocr_line' id='line_1_27' title="bbox 131 1667 1596 1705; baseline 0.001 -1"><span class='ocrx_word' id='word_1_352' title='bbox 131 1671 257 1704; x_wconf 83' lang='lat' dir='ltr'><strong><em>titulus</em></strong></span> <span class='ocrx_word' id='word_1_353' title='bbox 281 1673 415 1704; x_wconf 85' lang='lat' dir='ltr'><strong><em>incisus</em></strong></span> <span class='ocrx_word' id='word_1_354' title='bbox 438 1674 490 1704; x_wconf 89' lang='lat' dir='ltr'><strong><em>est</em></strong></span> <span class='ocrx_word' id='word_1_355' title='bbox 513 1673 609 1704; x_wconf 87' lang='lat' dir='ltr'><strong><em>inter</em></strong></span> <span class='ocrx_word' id='word_1_356' title='bbox 631 1682 745 1704; x_wconf 89' lang='lat' dir='ltr'><strong><em>annos</em></strong></span> <span class='ocrx_word' id='word_1_357' title='bbox 768 1671 948 1705; x_wconf 78' lang='grc'><strong><em>444-446.</em></strong></span> <span class='ocrx_word' id='word_1_358' title='bbox 1592 1667 1596 1671; x_wconf 74' lang='grc'><strong>’</strong></span> 
     </span>
    </p>
   </div>
   <div class='ocr_carea' id='block_1_3' title="bbox 846 1773 1115 1779">
    <p class='ocr_par' dir='ltr' id='par_1_3' title="bbox 846 1773 1115 1779">
     <span class='ocr_line' id='line_1_28' title="bbox 846 1773 1115 1779; baseline 0 0"><span class='ocrx_word' id='word_1_359' title='bbox 846 1773 1115 1779; x_wconf 95' lang='lat' dir='ltr'><strong><em> </em></strong></span> 
     </span>
    </p>
   </div>
   <div class='ocr_carea' id='block_1_4' title="bbox 242 1862 1489 1917">
    <p class='ocr_par' dir='ltr' id='par_1_4' title="bbox 242 1862 1489 1917">
     <span class='ocr_line' id='line_1_29' title="bbox 242 1862 1489 1917; baseline -0.004 -9"><span class='ocrx_word' id='word_1_360' title='bbox 242 1863 327 1908; x_wconf 81' lang='grc'><strong><em>846</em></strong></span> <span class='ocrx_word' id='word_1_361' title='bbox 485 1865 646 1904; x_wconf 84' lang='lat' dir='ltr'><strong><em>Sitalces</em></strong></span> <span class='ocrx_word' id='word_1_362' title='bbox 676 1865 751 1903; x_wconf 86' lang='lat' dir='ltr'><strong><em>divi</em></strong></span> <span class='ocrx_word' id='word_1_363' title='bbox 779 1862 784 1917; x_wconf 98' lang='grc' dir='ltr'>Ι</span> <span class='ocrx_word' id='word_1_364' title='bbox 811 1864 975 1916; x_wconf 83' lang='lat' dir='ltr'><strong><em>Augusti</em></strong></span> <span class='ocrx_word' id='word_1_365' title='bbox 1002 1862 1007 1917; x_wconf 87' lang='grc' dir='ltr'>Ι</span> <span class='ocrx_word' id='word_1_366' title='bbox 1035 1876 1150 1916; x_wconf 87' lang='lat' dir='ltr'><strong><em>opses</em></strong></span> <span class='ocrx_word' id='word_1_367' title='bbox 1180 1863 1389 1903; x_wconf 84' lang='lat' dir='ltr'><strong><em>Thracum.</em></strong></span> <span class='ocrx_word' id='word_1_368' title='bbox 1416 1862 1423 1916; x_wconf 95' lang='grc' dir='ltr'>Ι</span> <span class='ocrx_word' id='word_1_369' title='bbox 1486 1881 1489 1889; x_wconf 63' lang='lat'><strong><em>¹</em></strong></span> 
     </span>
    </p>
   </div>
   <div class='ocr_carea' id='block_1_5' title="bbox 245 1929 1067 2040">
    <p class='ocr_par' dir='ltr' id='par_1_5' title="bbox 245 1929 1067 2040">
     <span class='ocr_line' id='line_1_30' title="bbox 485 1929 1067 1985; baseline -0.002 -14"><span class='ocrx_word' id='word_1_370' title='bbox 485 1932 581 1971; x_wconf 82' lang='lat' dir='ltr'><strong><em>Iulia</em></strong></span> <span class='ocrx_word' id='word_1_371' title='bbox 611 1931 768 1984; x_wconf 82' lang='lat' dir='ltr'><strong><em>Phyllis,</em></strong></span> <span class='ocrx_word' id='word_1_372' title='bbox 795 1929 802 1985; x_wconf 95' lang='grc' dir='ltr'>Ι</span> <span class='ocrx_word' id='word_1_373' title='bbox 828 1943 941 1971; x_wconf 85' lang='lat' dir='ltr'><strong><em>soror</em></strong></span> <span class='ocrx_word' id='word_1_374' title='bbox 971 1931 1067 1971; x_wconf 89' lang='lat' dir='ltr'><strong><em>eius.</em></strong></span> 
     </span>
     <span class='ocr_line' id='line_1_31' title="bbox 245 1997 1045 2040; baseline -0.003 -8"><span class='ocrx_word' id='word_1_375' title='bbox 245 1998 375 2032; x_wconf 80' lang='lat' dir='ltr'><strong><em>Romae</em></strong></span> <span class='ocrx_word' id='word_1_376' title='bbox 400 1998 469 2038; x_wconf 89' lang='lat' dir='ltr'><strong><em>(VI</em></strong></span> <span class='ocrx_word' id='word_1_377' title='bbox 489 1999 599 2032; x_wconf 84' lang='grc'><strong><em>26608</em></strong></span> <span class='ocrx_word' id='word_1_378' title='bbox 622 1998 809 2040; x_wconf 85' lang='lat' dir='ltr'><strong><em>descripsit</em></strong></span> <span class='ocrx_word' id='word_1_379' title='bbox 831 1997 1045 2040; x_wconf 87' lang='lat' dir='ltr'><strong><em>Bormann).</em></strong></span> 
     </span>
    </p>
   </div>
   <div class='ocr_carea' id='block_1_6' title="bbox 847 2100 1118 2105">
    <p class='ocr_par' dir='ltr' id='par_1_6' title="bbox 847 2100 1118 2105">
     <span class='ocr_line' id='line_1_32' title="bbox 847 2100 1118 2105; baseline 0 0"><span class='ocrx_word' id='word_1_380' title='bbox 847 2100 1118 2105; x_wconf 95' lang='lat' dir='ltr'><strong><em> </em></strong></span> 
     </span>
    </p>
   </div>
   <div class='ocr_carea' id='block_1_7' title="bbox 133 2185 1837 2316">
    <p class='ocr_par' dir='ltr' id='par_1_7' title="bbox 133 2185 1837 2316">
     <span class='ocr_line' id='line_1_33' title="bbox 243 2185 1834 2244; baseline -0.004 -10"><span class='ocrx_word' id='word_1_381' title='bbox 243 2191 329 2237; x_wconf 76' lang='lat'><strong><em>847</em></strong></span> <span class='ocrx_word' id='word_1_382' title='bbox 373 2193 478 2232; x_wconf 80' lang='lat' dir='ltr'><strong><em>Staio</em></strong></span> <span class='ocrx_word' id='word_1_383' title='bbox 520 2191 743 2244; x_wconf 78' lang='lat' dir='ltr'><strong><em>Esdragass.</em></strong></span> <span class='ocrx_word' id='word_1_384' title='bbox 771 2193 810 2231; x_wconf 65' lang='grc' dir='ltr'><strong><em>Τ.</em></strong></span> <span class='ocrx_word' id='word_1_385' title='bbox 847 2190 1046 2244; x_wconf 75' lang='lat' dir='ltr'><strong><em>Voben.¹}</em></strong></span> <span class='ocrx_word' id='word_1_386' title='bbox 1080 2191 1251 2244; x_wconf 84' lang='lat' dir='ltr'><strong><em>principi</em></strong></span> <span class='ocrx_word' id='word_1_387' title='bbox 1290 2189 1635 2242; x_wconf 77' lang='lat' dir='ltr'><strong><em>Trumpfinorum,</em></strong></span> <span class='ocrx_word' id='word_1_388' title='bbox 1672 2188 1794 2241; x_wconf 82' lang='lat' dir='ltr'><strong><em>praef.</em></strong></span> <span class='ocrx_word' id='word_1_389' title='bbox 1827 2185 1834 2243; x_wconf 95' lang='grc' dir='ltr'>Ι</span> 
     </span>
     <span class='ocr_line' id='line_1_34' title="bbox 133 2251 1837 2316; baseline -0.003 -16"><span class='ocrx_word' id='word_1_390' title='bbox 133 2256 315 2316; x_wconf 83' lang='lat' dir='ltr'><strong><em>[c]oh0rt.</em></strong></span> <span class='ocrx_word' id='word_1_391' title='bbox 347 2259 671 2312; x_wconf 82' lang='lat' dir='ltr'><strong><em>Trumplinorum</em></strong></span> <span class='ocrx_word' id='word_1_392' title='bbox 704 2258 711 2313; x_wconf 99' lang='grc' dir='ltr'>Ι</span> <span class='ocrx_word' id='word_1_393' title='bbox 746 2256 851 2316; x_wconf 87' lang='lat' dir='ltr'><strong><em>[s]uh</em></strong></span> <span class='ocrx_word' id='word_1_394' title='bbox 883 2260 923 2300; x_wconf 92' lang='lat' dir='ltr'><strong><em>C.</em></strong></span> <span class='ocrx_word' id='word_1_395' title='bbox 955 2259 1066 2299; x_wconf 89' lang='lat' dir='ltr'><strong><em>Vibio</em></strong></span> <span class='ocrx_word' id='word_1_396' title='bbox 1097 2258 1248 2298; x_wconf 73' lang='lat' dir='ltr'><strong><em>Pansa²</em></strong></span> <span class='ocrx_word' id='word_1_397' title='bbox 1284 2257 1413 2310; x_wconf 81' lang='lat' dir='ltr'><strong><em>legato</em></strong></span> <span class='ocrx_word' id='word_1_398' title='bbox 1450 2269 1523 2310; x_wconf 91' lang='lat' dir='ltr'><strong><em>pro</em></strong></span> <span class='ocrx_word' id='word_1_399' title='bbox 1557 2255 1563 2311; x_wconf 97' lang='grc' dir='ltr'>Ι</span> <span class='ocrx_word' id='word_1_400' title='bbox 1598 2253 1686 2313; x_wconf 85' lang='lat' dir='ltr'><strong><em>[pr.‚</em></strong></span> <span class='ocrx_word' id='word_1_401' title='bbox 1716 2251 1837 2311; x_wconf 82' lang='lat' dir='ltr'><strong><em>ite]m⁸</em></strong></span> 
     </span>
    </p>
   </div>
   <div class='ocr_carea' id='block_1_8' title="bbox 131 2324 1837 2492">
    <p class='ocr_par' dir='ltr' id='par_1_8' title="bbox 131 2324 1837 2492">
     <span class='ocr_line' id='line_1_35' title="bbox 131 2324 1694 2383; baseline -0.001 -18"><span class='ocrx_word' id='word_1_402' title='bbox 131 2328 300 2375; x_wconf 65' lang='lat' dir='ltr'><strong><em>Vindol„</em></strong></span> <span class='ocrx_word' id='word_1_403' title='bbox 331 2324 549 2383; x_wconf 88' lang='lat' dir='ltr'><strong><em>i[m]munis</em></strong></span> <span class='ocrx_word' id='word_1_404' title='bbox 580 2327 752 2367; x_wconf 83' lang='lat' dir='ltr'><strong><em>Caesaris</em></strong></span> <span class='ocrx_word' id='word_1_405' title='bbox 777 2325 784 2379; x_wconf 98' lang='grc' dir='ltr'>Ι</span> <span class='ocrx_word' id='word_1_406' title='bbox 811 2355 983 2366; x_wconf 90' lang='grc'><strong><em>......</em></strong></span> <span class='ocrx_word' id='word_1_407' title='bbox 1015 2333 1054 2366; x_wconf 85' lang='lat' dir='ltr'><strong><em>et</em></strong></span> <span class='ocrx_word' id='word_1_408' title='bbox 1082 2327 1176 2367; x_wconf 90' lang='lat' dir='ltr'><strong><em>suis.</em></strong></span> <span class='ocrx_word' id='word_1_409' title='bbox 1206 2326 1375 2366; x_wconf 85' lang='lat' dir='ltr'><strong><em>Messava</em></strong></span> <span class='ocrx_word' id='word_1_410' title='bbox 1403 2324 1496 2364; x_wconf 85' lang='lat' dir='ltr'><strong><em>Veci</em></strong></span> <span class='ocrx_word' id='word_1_411' title='bbox 1524 2324 1550 2364; x_wconf 86' lang='lat' dir='ltr'><strong><em>f.</em></strong></span> <span class='ocrx_word' id='word_1_412' title='bbox 1581 2335 1694 2364; x_wconf 87' lang='lat' dir='ltr'><strong><em>uxor.</em></strong></span> 
     </span>
     <span class='ocr_line' id='line_1_36' title="bbox 244 2389 1836 2436; baseline -0.004 -9"><span class='ocrx_word' id='word_1_413' title='bbox 244 2395 406 2436; x_wconf 81' lang='lat' dir='ltr'><strong><em>Bovegni</em></strong></span> <span class='ocrx_word' id='word_1_414' title='bbox 429 2395 468 2426; x_wconf 84' lang='lat' dir='ltr'><strong><em>in</em></strong></span> <span class='ocrx_word' id='word_1_415' title='bbox 492 2394 583 2427; x_wconf 89' lang='lat' dir='ltr'><strong><em>valle</em></strong></span> <span class='ocrx_word' id='word_1_416' title='bbox 606 2393 740 2436; x_wconf 88' lang='lat' dir='ltr'><strong><em>Alpina</em></strong></span> <span class='ocrx_word' id='word_1_417' title='bbox 769 2391 1058 2435; x_wconf 86' lang='lat' dir='ltr'><strong><em>Trumplinorum</em></strong></span> <span class='ocrx_word' id='word_1_418' title='bbox 1084 2392 1172 2432; x_wconf 89' lang='lat' dir='ltr'><strong><em>(Val</em></strong></span> <span class='ocrx_word' id='word_1_419' title='bbox 1193 2391 1388 2435; x_wconf 88' lang='lat' dir='ltr'><strong><em>Trompia)‚</em></strong></span> <span class='ocrx_word' id='word_1_420' title='bbox 1412 2401 1524 2434; x_wconf 82' lang='lat' dir='ltr'><strong><em>supra</em></strong></span> <span class='ocrx_word' id='word_1_421' title='bbox 1546 2389 1725 2429; x_wconf 66' lang='lat' dir='ltr'><strong><em>Brixiam,</em></strong></span> <span class='ocrx_word' id='word_1_422' title='bbox 1749 2398 1836 2432; x_wconf 70' lang='lat' dir='ltr'><strong><em>rep„</em></strong></span> 
     </span>
     <span class='ocr_line' id='line_1_37' title="bbox 133 2445 1837 2492; baseline -0.003 -10"><span class='ocrx_word' id='word_1_423' title='bbox 133 2453 185 2482; x_wconf 82' lang='lat' dir='ltr'><strong><em>est</em></strong></span> <span class='ocrx_word' id='word_1_424' title='bbox 199 2450 351 2483; x_wconf 73' lang='lat' dir='ltr'><strong><em>Bria-iae</em></strong></span> <span class='ocrx_word' id='word_1_425' title='bbox 368 2450 423 2490; x_wconf 91' lang='lat' dir='ltr'><strong><em>(V</em></strong></span> <span class='ocrx_word' id='word_1_426' title='bbox 433 2450 516 2483; x_wconf 72' lang='lat'><strong><em>4910</em></strong></span> <span class='ocrx_word' id='word_1_427' title='bbox 535 2450 626 2483; x_wconf 81' lang='lat' dir='ltr'><strong><em>vidit</em></strong></span> <span class='ocrx_word' id='word_1_428' title='bbox 641 2449 861 2490; x_wconf 88' lang='lat' dir='ltr'><strong><em>Mommsen).</em></strong></span> <span class='ocrx_word' id='word_1_429' title='bbox 885 2467 930 2472; x_wconf 89' lang='lat'><strong><em>—-</em></strong></span> <span class='ocrx_word' id='word_1_430' title='bbox 950 2447 1154 2492; x_wconf 82' lang='lat' dir='ltr'><strong><em>Trumplini</em></strong></span> <span class='ocrx_word' id='word_1_431' title='bbox 1172 2450 1416 2481; x_wconf 84' lang='lat' dir='ltr'><strong><em>memorantur</em></strong></span> <span class='ocrx_word' id='word_1_432' title='bbox 1435 2449 1530 2479; x_wconf 85' lang='lat' dir='ltr'><strong><em>inter</em></strong></span> <span class='ocrx_word' id='word_1_433' title='bbox 1548 2448 1672 2488; x_wconf 74' lang='lat' dir='ltr'><strong><em>gentos</em></strong></span> <span class='ocrx_word' id='word_1_434' title='bbox 1685 2445 1837 2488; x_wconf 80' lang='lat' dir='ltr'><strong><em>Alpinas</em></strong></span> 
     </span>
    </p>
   </div>
   <div class='ocr_carea' id='block_1_9' title="bbox 132 2500 1838 2828">
    <p class='ocr_par' dir='ltr' id='par_1_9' title="bbox 132 2500 1838 2828">
     <span class='ocr_line' id='line_1_38' title="bbox 135 2500 1835 2548; baseline -0.002 -10"><span class='ocrx_word' id='word_1_435' title='bbox 135 2506 291 2538; x_wconf 85' lang='lat' dir='ltr'><strong><em>devictas</em></strong></span> <span class='ocrx_word' id='word_1_436' title='bbox 315 2507 357 2539; x_wconf 83' lang='lat' dir='ltr'><strong><em>ab</em></strong></span> <span class='ocrx_word' id='word_1_437' title='bbox 374 2507 537 2548; x_wconf 75' lang='lat' dir='ltr'><strong><em>Augusto</em></strong></span> <span class='ocrx_word' id='word_1_438' title='bbox 563 2509 602 2538; x_wconf 84' lang='lat' dir='ltr'><strong><em>in</em></strong></span> <span class='ocrx_word' id='word_1_439' title='bbox 624 2507 856 2548; x_wconf 80' lang='lat' dir='ltr'><strong><em>inscriptione</em></strong></span> <span class='ocrx_word' id='word_1_440' title='bbox 881 2503 1034 2547; x_wconf 88' lang='lat' dir='ltr'><strong><em>Tropaei</em></strong></span> <span class='ocrx_word' id='word_1_441' title='bbox 1049 2505 1197 2548; x_wconf 87' lang='lat' dir='ltr'><strong><em>Alpium</em></strong></span> <span class='ocrx_word' id='word_1_442' title='bbox 1220 2503 1312 2544; x_wconf 75' lang='lat' dir='ltr'><strong><em>facti</em></strong></span> <span class='ocrx_word' id='word_1_443' title='bbox 1335 2515 1367 2538; x_wconf 88' lang='lat' dir='ltr'><strong><em>a.</em></strong></span> <span class='ocrx_word' id='word_1_444' title='bbox 1383 2504 1446 2537; x_wconf 78' lang='lat'><strong><em>747</em></strong></span> <span class='ocrx_word' id='word_1_445' title='bbox 1468 2502 1524 2535; x_wconf 88' lang='lat' dir='ltr'><strong><em>vel</em></strong></span> <span class='ocrx_word' id='word_1_446' title='bbox 1545 2502 1609 2535; x_wconf 76' lang='lat'><strong><em>748</em></strong></span> <span class='ocrx_word' id='word_1_447' title='bbox 1625 2500 1733 2542; x_wconf 77' lang='lat' dir='ltr'><strong><em>(Plin-</em></strong></span> <span class='ocrx_word' id='word_1_448' title='bbox 1749 2501 1783 2535; x_wconf 88' lang='lat' dir='ltr'><strong><em>h.</em></strong></span> <span class='ocrx_word' id='word_1_449' title='bbox 1799 2511 1835 2535; x_wconf 83' lang='lat' dir='ltr'><strong><em>n.</em></strong></span> 
     </span>
     <span class='ocr_line' id='line_1_39' title="bbox 132 2557 1838 2604; baseline -0.004 -8"><span class='ocrx_word' id='word_1_450' title='bbox 132 2563 167 2604; x_wconf 82' lang='lat'><strong><em>5,</em></strong></span> <span class='ocrx_word' id='word_1_451' title='bbox 184 2563 278 2604; x_wconf 88' lang='grc'><strong><em>456).</em></strong></span> <span class='ocrx_word' id='word_1_452' title='bbox 318 2563 384 2594; x_wconf 87' lang='lat' dir='ltr'><strong><em>Hic</em></strong></span> <span class='ocrx_word' id='word_1_453' title='bbox 409 2563 531 2594; x_wconf 89' lang='lat' dir='ltr'><strong><em>titulus</em></strong></span> <span class='ocrx_word' id='word_1_454' title='bbox 551 2564 708 2604; x_wconf 84' lang='lat' dir='ltr'><strong><em>pertinet</em></strong></span> <span class='ocrx_word' id='word_1_455' title='bbox 733 2562 781 2594; x_wconf 88' lang='lat' dir='ltr'><strong><em>ad</em></strong></span> <span class='ocrx_word' id='word_1_456' title='bbox 789 2563 993 2604; x_wconf 87' lang='lat' dir='ltr'><strong><em>principem</em></strong></span> <span class='ocrx_word' id='word_1_457' title='bbox 1016 2561 1170 2604; x_wconf 87' lang='lat' dir='ltr'><strong><em>aliquem</em></strong></span> <span class='ocrx_word' id='word_1_458' title='bbox 1195 2562 1271 2594; x_wconf 88' lang='lat' dir='ltr'><strong><em>eius</em></strong></span> <span class='ocrx_word' id='word_1_459' title='bbox 1286 2560 1417 2602; x_wconf 80' lang='lat' dir='ltr'><strong><em>gentis,</em></strong></span> <span class='ocrx_word' id='word_1_460' title='bbox 1441 2557 1592 2591; x_wconf 74' lang='lat' dir='ltr'><strong><em>auxiliis</em></strong></span> <span class='ocrx_word' id='word_1_461' title='bbox 1609 2558 1729 2599; x_wconf 70' lang='lat' dir='ltr'><strong><em>gentis</em></strong></span> <span class='ocrx_word' id='word_1_462' title='bbox 1749 2566 1838 2590; x_wconf 75' lang='lat' dir='ltr'><strong><em>suae</em></strong></span> 
     </span>
     <span class='ocr_line' id='line_1_40' title="bbox 134 2614 1835 2661; baseline -0.003 -11"><span class='ocrx_word' id='word_1_463' title='bbox 134 2629 155 2651; x_wconf 90' lang='lat' dir='ltr'><strong><em>a</em></strong></span> <span class='ocrx_word' id='word_1_464' title='bbox 187 2617 355 2651; x_wconf 80' lang='lat' dir='ltr'><strong><em>Romanis</em></strong></span> <span class='ocrx_word' id='word_1_465' title='bbox 381 2619 640 2661; x_wconf 84' lang='lat' dir='ltr'><strong><em>praepositum,</em></strong></span> <span class='ocrx_word' id='word_1_466' title='bbox 673 2620 707 2650; x_wconf 92' lang='lat' dir='ltr'><strong><em>et</em></strong></span> <span class='ocrx_word' id='word_1_467' title='bbox 736 2620 882 2660; x_wconf 83' lang='lat' dir='ltr'><strong><em>insuper</em></strong></span> <span class='ocrx_word' id='word_1_468' title='bbox 913 2619 956 2650; x_wconf 89' lang='lat' dir='ltr'><strong><em>ab</em></strong></span> <span class='ocrx_word' id='word_1_469' title='bbox 989 2619 1203 2660; x_wconf 82' lang='lat' dir='ltr'><strong><em>imperatore</em></strong></span> <span class='ocrx_word' id='word_1_470' title='bbox 1233 2617 1458 2648; x_wconf 83' lang='lat' dir='ltr'><strong><em>immunitate</em></strong></span> <span class='ocrx_word' id='word_1_471' title='bbox 1487 2615 1526 2655; x_wconf 85' lang='lat' dir='ltr'><strong><em>(a</em></strong></span> <span class='ocrx_word' id='word_1_472' title='bbox 1559 2614 1702 2647; x_wconf 79' lang='lat' dir='ltr'><strong><em>tributis</em></strong></span> <span class='ocrx_word' id='word_1_473' title='bbox 1728 2614 1835 2656; x_wconf 80' lang='lat' dir='ltr'><strong><em>puto)</em></strong></span> 
     </span>
     <span class='ocr_line' id='line_1_41' title="bbox 133 2668 1836 2716; baseline -0.003 -9"><span class='ocrx_word' id='word_1_474' title='bbox 133 2675 316 2708; x_wconf 85' lang='lat' dir='ltr'><strong><em>donatum.</em></strong></span> <span class='ocrx_word' id='word_1_475' title='bbox 332 2693 375 2699; x_wconf 93' lang='lat'>—</span> <span class='ocrx_word' id='word_1_476' title='bbox 395 2675 427 2715; x_wconf 87' lang='lat'><strong><em>1)</em></strong></span> <span class='ocrx_word' id='word_1_477' title='bbox 444 2674 580 2715; x_wconf 76' lang='lat' dir='ltr'><strong><em>Pagum</em></strong></span> <span class='ocrx_word' id='word_1_478' title='bbox 603 2673 755 2716; x_wconf 76' lang='lat' dir='ltr'><strong><em>aliquem</em></strong></span> <span class='ocrx_word' id='word_1_479' title='bbox 775 2673 1065 2716; x_wconf 86' lang='lat' dir='ltr'><strong><em>Trumplinorum</em></strong></span> <span class='ocrx_word' id='word_1_480' title='bbox 1088 2671 1292 2715; x_wconf 79' lang='lat' dir='ltr'><strong><em>significari</em></strong></span> <span class='ocrx_word' id='word_1_481' title='bbox 1311 2673 1419 2714; x_wconf 87' lang='lat' dir='ltr'><strong><em>putat</em></strong></span> <span class='ocrx_word' id='word_1_482' title='bbox 1439 2669 1510 2704; x_wconf 89' lang='lat' dir='ltr'><strong><em>Mo.</em></strong></span> <span class='ocrx_word' id='word_1_483' title='bbox 1534 2689 1579 2694; x_wconf 94' lang='lat'>—</span> <span class='ocrx_word' id='word_1_484' title='bbox 1604 2670 1638 2712; x_wconf 83' lang='lat'><strong><em>2)</em></strong></span> <span class='ocrx_word' id='word_1_485' title='bbox 1655 2669 1691 2703; x_wconf 81' lang='lat'><strong><em>0.</em></strong></span> <span class='ocrx_word' id='word_1_486' title='bbox 1709 2668 1836 2703; x_wconf 77' lang='lat' dir='ltr'><strong><em>Vibius</em></strong></span> 
     </span>
     <span class='ocr_line' id='line_1_42' title="bbox 134 2723 1837 2774; baseline -0.004 -11"><span class='ocrx_word' id='word_1_487' title='bbox 134 2731 251 2763; x_wconf 88' lang='lat' dir='ltr'><strong><em>Pansa</em></strong></span> <span class='ocrx_word' id='word_1_488' title='bbox 273 2741 346 2764; x_wconf 88' lang='lat' dir='ltr'><strong><em>non</em></strong></span> <span class='ocrx_word' id='word_1_489' title='bbox 368 2732 484 2774; x_wconf 85' lang='lat' dir='ltr'><strong><em>potest</em></strong></span> <span class='ocrx_word' id='word_1_490' title='bbox 507 2741 578 2762; x_wconf 90' lang='lat' dir='ltr'><strong><em>esse</em></strong></span> <span class='ocrx_word' id='word_1_491' title='bbox 602 2732 650 2770; x_wconf 84' lang='lat' dir='ltr'><strong><em>is,</em></strong></span> <span class='ocrx_word' id='word_1_492' title='bbox 685 2733 724 2762; x_wconf 90' lang='lat' dir='ltr'><strong><em>ut</em></strong></span> <span class='ocrx_word' id='word_1_493' title='bbox 749 2729 897 2762; x_wconf 84' lang='lat' dir='ltr'><strong><em>adnotat</em></strong></span> <span class='ocrx_word' id='word_1_494' title='bbox 919 2730 1000 2772; x_wconf 66' lang='lat' dir='ltr'><strong><em>Mo„</em></strong></span> <span class='ocrx_word' id='word_1_495' title='bbox 1030 2731 1092 2772; x_wconf 79' lang='lat' dir='ltr'><strong><em>qui</em></strong></span> <span class='ocrx_word' id='word_1_496' title='bbox 1111 2731 1226 2772; x_wconf 85' lang='lat' dir='ltr'><strong><em>periit</em></strong></span> <span class='ocrx_word' id='word_1_497' title='bbox 1248 2730 1287 2761; x_wconf 87' lang='lat' dir='ltr'><strong><em>in</em></strong></span> <span class='ocrx_word' id='word_1_498' title='bbox 1310 2726 1496 2761; x_wconf 80' lang='lat' dir='ltr'><strong><em>consulatu</em></strong></span> <span class='ocrx_word' id='word_1_499' title='bbox 1522 2737 1554 2760; x_wconf 89' lang='lat' dir='ltr'><strong><em>a.</em></strong></span> <span class='ocrx_word' id='word_1_500' title='bbox 1576 2726 1651 2768; x_wconf 90' lang='grc'><strong><em>744,</em></strong></span> <span class='ocrx_word' id='word_1_501' title='bbox 1677 2724 1740 2758; x_wconf 84' lang='lat' dir='ltr'><strong><em>sed</em></strong></span> <span class='ocrx_word' id='word_1_502' title='bbox 1758 2723 1837 2764; x_wconf 79' lang='lat' dir='ltr'><strong><em>for-</em></strong></span> 
     </span>
     <span class='ocr_line' id='line_1_43' title="bbox 135 2784 1262 2828; baseline 0 -9"><span class='ocrx_word' id='word_1_503' title='bbox 135 2790 227 2819; x_wconf 87' lang='lat' dir='ltr'><strong><em>tasse</em></strong></span> <span class='ocrx_word' id='word_1_504' title='bbox 249 2785 346 2826; x_wconf 75' lang='lat' dir='ltr'><strong><em>filius</em></strong></span> <span class='ocrx_word' id='word_1_505' title='bbox 372 2788 447 2819; x_wconf 88' lang='lat' dir='ltr'><strong><em>eius</em></strong></span> <span class='ocrx_word' id='word_1_506' title='bbox 468 2788 656 2828; x_wconf 84' lang='lat' dir='ltr'><strong><em>praeterea</em></strong></span> <span class='ocrx_word' id='word_1_507' title='bbox 679 2787 833 2828; x_wconf 81' lang='lat' dir='ltr'><strong><em>ignotus.</em></strong></span> <span class='ocrx_word' id='word_1_508' title='bbox 858 2804 902 2808; x_wconf 97' lang='lat'><strong>—</strong></span> <span class='ocrx_word' id='word_1_509' title='bbox 927 2787 959 2827; x_wconf 87' lang='lat'><strong><em>3)</em></strong></span> <span class='ocrx_word' id='word_1_510' title='bbox 985 2785 1170 2828; x_wconf 81' lang='lat' dir='ltr'><strong><em>Supplevit</em></strong></span> <span class='ocrx_word' id='word_1_511' title='bbox 1192 2784 1262 2819; x_wconf 85' lang='lat' dir='ltr'><strong><em>Mo.</em></strong></span> 
     </span>
    </p>
   </div>
   <div class='ocr_carea' id='block_1_10' title="bbox 852 2889 1120 2895">
    <p class='ocr_par' dir='ltr' id='par_1_10' title="bbox 852 2889 1120 2895">
     <span class='ocr_line' id='line_1_44' title="bbox 852 2889 1120 2895; baseline 0 0"><span class='ocrx_word' id='word_1_512' title='bbox 852 2889 1120 2895; x_wconf 95' lang='lat' dir='ltr'><strong><em> </em></strong></span> 
     </span>
    </p>
   </div>
   <div class='ocr_carea' id='block_1_11' title="bbox 136 2961 1834 3092">
    <p class='ocr_par' dir='ltr' id='par_1_11' title="bbox 136 2961 1834 3092">
     <span class='ocr_line' id='line_1_45' title="bbox 247 2961 1834 3022; baseline -0.003 -15"><span class='ocrx_word' id='word_1_513' title='bbox 247 2966 334 3013; x_wconf 81' lang='grc'><strong><em>848</em></strong></span> <span class='ocrx_word' id='word_1_514' title='bbox 375 2968 425 3007; x_wconf 88' lang='lat' dir='ltr'><strong><em>M.</em></strong></span> <span class='ocrx_word' id='word_1_515' title='bbox 457 2967 529 3007; x_wconf 87' lang='lat' dir='ltr'><strong><em>Iul.</em></strong></span> <span class='ocrx_word' id='word_1_516' title='bbox 559 2963 694 3022; x_wconf 77' lang='lat' dir='ltr'><strong><em>Cott[i]</em></strong></span> <span class='ocrx_word' id='word_1_517' title='bbox 728 2963 908 3019; x_wconf 74' lang='lat' dir='ltr'><strong><em>reg.¹}l.²</em></strong></span> <span class='ocrx_word' id='word_1_518' title='bbox 928 2966 1036 3006; x_wconf 85' lang='lat' dir='ltr'><strong><em>Paris</em></strong></span> <span class='ocrx_word' id='word_1_519' title='bbox 1066 2974 1093 3006; x_wconf 83' lang='lat' dir='ltr'><strong><em>t.</em></strong></span> <span class='ocrx_word' id='word_1_520' title='bbox 1124 2967 1150 3005; x_wconf 81' lang='lat' dir='ltr'><strong><em>f.</em></strong></span> <span class='ocrx_word' id='word_1_521' title='bbox 1183 2962 1246 3019; x_wconf 73' lang='lat' dir='ltr'><strong><em>i.³{</em></strong></span> <span class='ocrx_word' id='word_1_522' title='bbox 1265 2964 1338 3005; x_wconf 87' lang='lat' dir='ltr'><strong><em>sihi</em></strong></span> <span class='ocrx_word' id='word_1_523' title='bbox 1369 2961 1498 3017; x_wconf 74' lang='grc' dir='ltr'><strong><em>οῑΙΜ.</em></strong></span> <span class='ocrx_word' id='word_1_524' title='bbox 1529 2962 1601 3003; x_wconf 88' lang='lat' dir='ltr'><strong><em>Iul.</em></strong></span> <span class='ocrx_word' id='word_1_525' title='bbox 1622 2961 1834 3002; x_wconf 80' lang='lat' dir='ltr'><strong><em>Eleuthero</em></strong></span> 
     </span>
     <span class='ocr_line' id='line_1_46' title="bbox 136 3030 733 3092; baseline -0.007 -16"><span class='ocrx_word' id='word_1_526' title='bbox 136 3037 160 3076; x_wconf 90' lang='lat' dir='ltr'><strong><em>l.</em></strong></span> <span class='ocrx_word' id='word_1_527' title='bbox 187 3036 194 3090; x_wconf 96' lang='grc' dir='ltr'>Ι</span> <span class='ocrx_word' id='word_1_528' title='bbox 221 3033 289 3092; x_wconf 81' lang='lat' dir='ltr'><strong><em>e[t]</em></strong></span> <span class='ocrx_word' id='word_1_529' title='bbox 321 3036 392 3075; x_wconf 87' lang='lat' dir='ltr'><strong><em>Iul.</em></strong></span> <span class='ocrx_word' id='word_1_530' title='bbox 425 3065 434 3074; x_wconf 94' lang='lat'><strong><em>.</em></strong></span> <span class='ocrx_word' id='word_1_531' title='bbox 457 3065 466 3074; x_wconf 94' lang='lat'><strong><em>.</em></strong></span> <span class='ocrx_word' id='word_1_532' title='bbox 490 3065 499 3074; x_wconf 92' lang='lat'><strong><em>.</em></strong></span> <span class='ocrx_word' id='word_1_533' title='bbox 521 3030 635 3075; x_wconf 81' lang='lat' dir='ltr'><strong><em>asilae</em></strong></span> <span class='ocrx_word' id='word_1_534' title='bbox 661 3033 668 3088; x_wconf 95' lang='grc' dir='ltr'>Ι</span> <span class='ocrx_word' id='word_1_535' title='bbox 694 3046 733 3087; x_wconf 92' lang='lat' dir='ltr'><strong><em>p.</em></strong></span> 
     </span>
    </p>
   </div>
  </div>
 </body>
</html>
