1968 3268
1947 126 1968 158 Ἴ

1949 154 1968 169 *ta

190 185 243 224 76
397 240 399 243 Ι
960 186 1079 232 Caput
1104 186 1149 221 11.

301 300 416 347 287⁸
451 302 663 355 municipia
699 304 705 351 Ι
738 302 963 354 provinciae
990 300 995 355 Ι
1024 301 1245 342 Lusitaniae
1281 302 1383 354 stipe
1408 302 1415 355 Ι
1441 304 1596 344 conlata
1627 317 1728 356 quae
1758 318 1859 358 opus
1891 306 1897 361 Ι
1965 334 1968 341 2

189 371 323 423 pontis
352 371 626 423 perfecerunt:
662 368 668 423 Ι
706 369 915 422 lgaeditani
951 368 957 422 Ι
993 369 1232 409 Lancienses
1263 370 1470 422 Oppidani.
1496 373 1503 422 Ι
1529 371 1659 412 Talori
1685 371 1694 428 Ι
1719 374 1898 415 Interan-
1962 388 1968 393 ’

191 439 350 479 nienses
376 437 382 492 Ι
410 438 565 478 Colarni
593 439 599 487 Ι
626 437 863 480 Lancienses
893 435 1165 476 Transcudani
1192 438 1203 487 Ι
1224 437 1338 478 Aravi
1373 439 1379 488 Ι
1407 437 1741 494 Meidubrigenses
1767 439 1774 495 Ι
1799 442 1899 482 Ara—
1966 463 1968 467 ¹

189 506 394 557 brigenses
421 505 426 559 Ι
453 505 665 545 Banienses
690 502 697 557 Ι
725 504 924 544 Paesures.

303 572 344 605 In
369 572 558 614 Hispania,
581 572 628 602 'in
661 580 750 602 arcu
782 569 994 613 triumphale·
1024 571 1087 612 qui
1117 574 1220 604 extat
1250 572 1365 604 medio
1397 574 1436 605 in
1463 576 1575 616 ponte
1605 575 1768 615 fluminis
1794 574 1895 619 Tagi,
1966 601 1968 604 -

187 639 297 672 prope
322 628 488 671 oppidum
513 626 609 669 quod
631 627 674 658 ab
700 626 766 659 Ιιοσ
785 629 896 669 ponte
920 637 1047 660 nomen
1071 630 1187 661 tramit
1210 628 1409 662 Αἰθακίαν-α
1442 629 1498 672 (in
1520 628 1644 670 fronte
1666 642 1774 665 arcus
1797 636 1898 667 extat
1962 623 1968 654 *-

189 686 305 718 adhue
327 683 371 717 N.
392 684 466 726 287,
490 685 528 715 in
553 683 751 725 parietibus
775 684 859 716 olim
884 683 1069 726 legebatur
1090 686 1232 727 saepius
1255 686 1406 727 repetita
1430 685 1474 720 N.
1498 687 1615 732 2870)
1641 687 1697 731 (11
1716 689 1791 724 759,
1805 690 1898 735 700),
1966 679 1968 722 j

191 744 223 782 1)
247 742 329 774 Dee.
354 740 504 783 4052'404.
529 757 574 764 -
599 740 632 780 2)
660 739 812 773 Videtur
835 750 1003 773 numerus
1027 751 1149 773 errore
1166 742 1310 783 positus
1331 752 1399 785 pro
1428 741 1493 784 lV;
1517 747 1611 777 certe
1635 755 1681 778 ex
1705 745 1897 788 diplomate

188 798 342 841 quodam
371 796 525 829 militari
531 821 542 839 ‚
573 795 669 838 quod
697 794 894 836 referemus
917 795 1030 840 infra,
1061 799 1212 840 apparet
1238 796 1434 831 Traianum
1458 801 1566 832 etiam
1590 800 1621 835 d.
1647 801 1692 835 45
1716 801 1800 836 Μαί.
1826 803 1891 837 405
1952 795 1968 815 ‘³

188 854 261 887 diei
283 854 435 886 voluisse
458 854 542 896 imp.
567 853 630 887 IV.
1956 841 1968 881 i

298 953 411 1001 287¹²
460 956 552 1009 imp.
574 956 723 996 Nervae
744 956 912 996 Traiano
936 956 1089 997 Caesari
1114 958 1290 1011 Augusto
1312 958 1545 999 Germanico
1568 960 1709 1001 Dacico
1731 974 1898 1002 sacrum.
1954 882 1968 948 Ξ

459 1031 665 1088 Templum
697 1035 736 1075 in
769 1047 869 1088 rupe
899 1035 994 1087 Tagi
1025 1036 1179 1088 superis
1209 1042 1247 1076 et
1278 1037 1442 1078 Caesare
1471 1039 1646 1092 plenum,

515 1104 590 1144 Ars
621 1103 687 1143 ubi
718 1103 879 1143 materia
908 1103 1080 1143 vincitur
1109 1104 1190 1156 ipsa
1221 1118 1314 1154 sua,

459 1170 556 1218 Quis
586 1171 691 1224 quali
721 1171 873 1212 dederit
901 1177 1004 1220 voto,
1036 1172 1202 1212 fortasse
1232 1173 1408 1224 requiret

515 1239 617 1280 Cura
649 1239 852 1288 viatorum,
883 1251 983 1291 quos
1014 1251 1115 1279 nova
1145 1240 1245 1280 fama
1276 1240 1402 1281 iuvat:

411 1315 430 1347 5
460 1307 667 1359 Ingentem
699 1313 802 1347 vasta
832 1313 996 1360 pontem
1027 1307 1094 1359 qui
1126 1307 1228 1348 mole
1258 1310 1424 1362 peregit,

517 1376 636 1416 Sacra
666 1376 824 1415 litaturo
855 1375 948 1416 fecit
976 1375 1153 1415 honore¹
1184 1376 1320 1417 Lacer.

461 1490 627 1529 Pontem
657 1489 839 1542 perpetui
869 1500 1101 1529 mansurum
1131 1489 1171 1528 in
1204 1489 1356 1530 saecula
1386 1492 1523 1532 mundi

514 1558 622 1598 Fecit
650 1557 778 1597 divina
810 1556 953 1607 nobilis
981 1563 1064 1596 arte
1095 1557 1232 1597 Lacer.

460 1626 537 1672 Qui
567 1631 730 1678 pontem
761 1625 853 1665 fecit
881 1624 1018 1673 Lacer‚
1050 1631 1089 1665 et
1118 1638 1218 1666 nova
1248 1626 1392 1678 templa
1422 1626 1564 1668 dicavit

390 1700 427 1733 lo
513 1692 690 1746 (Scilicet
719 1699 758 1733 et
787 1693 941 1745 superis
969 1704 1136 1733 munera
1166 1693 1248 1733 sola
1278 1693 1441 1745 litant¹)‚

459 1761 567 1801 Idem
598 1761 799 1801 Romuleis
828 1760 1019 1813 templum
1050 1773 1140 1802 eum
1171 1761 1333 1802 Caesare
1364 1761 1459 1802 divis

524 1829 753 1878 Constituit;
785 1829 876 1869 felix
907 1834 1086 1881 utraque
1104 1842 1222 1870 causa
1251 1830 1363 1870 sacri.

301 1907 335 1939 C.
360 1907 463 1941 lulius
487 1906 590 1940 Lacer
614 1908 673 1950 [p.]
698 1916 725 1940 s·
751 1906 774 1941 f.
800 1909 835 1940 et
859 1905 1041 1948 dedicavit,
1066 1907 1177 1941 amico
1201 1907 1302 1941 Curio
1327 1906 1460 1940 Lacone
1483 1899 1709 1950 Igaeditanoj

302 1964 343 1996 In
368 1963 529 1996 aedicula
559 1964 629 1996 sita
660 1965 765 1996 iuaeta
798 1973 878 1995 eum
905 1964 1068 2005 pontem,
1100 1964 1140 1995 in
1171 1973 1240 2005 quo
1268 1965 1320 1995 est
1342 1973 1448 1996 arcus
1472 1974 1552 1997 eum
1576 1963 1680 1997 titulo
1705 1966 1771 2008 qui
1789 1975 1895 2008 prae-
1939 1955 1943 1998 J

189 2020 279 2051 cedit
312 2020 365 2062 (II
385 2020 443 2053 764
476 2020 524 2053 ad
554 2019 751 2063 exemplum
786 2019 882 2062 quod
911 2019 955 2051 ab
987 2019 1145 2061 Hispano
1179 2019 1299 2062 aliquo
1331 2021 1469 2062 accepit
1499 2020 1694 2054 Accursius
1722 2031 1756 2055 a.
1779 2020 1897 2058 4527).

187 2075 334 2108 Duobus
359 2077 519 2118 gemeltis
550 2077 818 2119 epigrammatis
840 2074 1008 2108 sacellum
1033 2075 1234 2108 dedicatum
1258 2079 1310 2108 est
1337 2074 1495 2109 Traiano
1525 2079 1560 2109 et
1582 2076 1676 2110 divis
1698 2078 1890 2121 imperato·
1911 2070 1913 2073 ¹

187 2133 287 2165 ribus
313 2132 428 2177 (Mo).
453 2152 495 2157 -
525 2134 554 2175 1)
581 2132 674 2165 Haeo
694 2132 865 2176 perpleaee
889 2132 985 2164 dieta
1010 2132 1192 2175 eoeplieare
1217 2133 1406 2176 temptavit
1428 2132 1590 2166 Hueaner
1615 2133 1650 2167 G.
1674 2133 1714 2167 11
1733 2133 1756 2168 1.
1782 2143 1812 2167 ο.

300 2244 386 2291 288
837 2246 932 2298 imp.
964 2245 1072 2285 Caes.
1103 2245 1252 2285 Nervae

419 2313 596 2353 Plotinae
835 2313 1002 2353 Traiano
1033 2313 1132 2365 Aug.
1165 2312 1254 2353 Ger.
1494 2310 1662 2370 Mar[c]ia

427 2381 590 2434 August.
658 2380 661 2383 ⁴
792 2381 933 2421 Dacico
963 2386 1075 2433 pont.
1106 2392 1221 2429 max„
1252 2387 1301 2420 tr.
1471 2382 1568 2422 nae²
1596 2383 1708 2434 Aug.

796 2454 878 2501 pot.
909 2447 998 2497 IX²‚
1028 2460 1108 2488 cos.
1139 2448 1183 2497 V,
1214 2449 1250 2488 d.
1283 2449 1320 2488 d.

305 2515 428 2547 Lunae
452 2515 535 2548 otim
561 2515 630 2558 (Χι
650 2516 754 2558 4555,
778 2517 830 2548 bis
853 2515 1031 2558 descripta
1053 2515 1205 2549 saeculis
1227 2514 1670 2560 superioribus).—-1)to
1689 2514 1770 2549 nae.
1785 2513 1894 2557 tom.
1924 2498 1934 2530 s

190 2589 234 2594 -ν
259 2572 293 2612 2)
318 2571 501 2604 martianae
526 2573 581 2605 vel
603 2572 765 2606 matriane
790 2573 958 2606 traditur.
1002 2593 1005 2596 >

302 2681 388 2728 289
431 2683 525 2736 imp.
562 2684 714 2724 Caesari
750 2684 756 2738 Ι
790 2685 864 2725 divi
903 2686 1052 2727 Nervae
1090 2688 1116 2726 f.
1151 2684 1158 2740 Ι
1192 2687 1340 2727 Nervae
1378 2685 1547 2726 Traiano
1580 2683 1588 2740 Ι
1621 2684 1721 2737 Aug.
1760 2684 1893 2725 Germ.
1930 2662 1932 2665 v

190 2749 344 2806 Daoilco
366 2752 543 2805 pontifici
563 2764 677 2800 max„
694 2750 699 2806 Ι
718 2752 904 2792 tribunie.
927 2759 1069 2805 potest.
1089 2752 1094 2808 Ι
1112 2753 1183 2794 XII
1193 2755 1219 2803 ¹,
1249 2754 1345 2806 imp.
1366 2753 1453 2803 vl²‚
1483 2765 1565 2793 eos.
1584 2752 1628 2802 V,
1658 2765 1698 2805 p.
1718 2765 1774 2806 p.‚
1796 2751 1803 2806 Ι
1824 2752 1894 2793 de-

190 2819 300 2859 victis
330 2818 464 2859 Dacis²
488 2817 494 2872 Ι
521 2818 751 2859 Foroelaud.
782 2819 891 2871 publ.

304 2884 708 2926 Αἰηιο-εη-Ταναηίαἰεθ,
731 2887 794 2918 ubi
815 2885 890 2925 fuit
912 2886 1049 2919 Forum
1073 2886 1215 2920 Claudii
1240 2886 1454 2921 Ceutronum
1475 2885 1609 2919 Axima
1635 2885 1723 2929 (XII
1733 2886 1825 2931 405).
1847 2904 1895 2912 -

194 2943 226 2983 1)
249 2942 332 2975 Dec.
348 2941 455 2986 40718.
471 2961 518 2967 -
542 2942 575 2984 2)
593 2941 732 2975 Bellum
747 2942 921 2975 Dacicum
945 2943 1097 2975 alterum
1115 2943 1163 2976 ad
1176 2943 1283 2984 finem
1294 2942 1507 2987 perductum
1523 2952 1594 2974 esse
1611 2943 1754 2976 videtur
1766 2942 1892 2986 paullo
1929 2957 1933 2959 “

191 3001 273 3031 ante
298 3009 403 3041 quam
423 2999 512 3032 ‘haec
535 2999 723 3042 inscriptio
745 2999 860 3031 incisa
884 3001 944 3041 est,
968 3009 1000 3031 α.
1027 2999 1088 3032 407
1113 2997 1179 3042 (cf.
1203 2999 1394 3033 Mommsen
1417 2998 1466 3032 ad
1488 2998 1653 3043 111550).
1671 3018 1712 3023 —
1730 2999 1890 3042 2)1mpe-

190 3057 293 3087 rator
307 3057 448 3088 seoetum
462 3056 645 3098 reperitur
664 3053 842 3088 Traianus
858 3054 1056 3097 appellatus
1071 3056 1145 3087 iam
1161 3057 1201 3088 in
1217 3055 1332 3089 titulis
1347 3056 1436 3089 anni
1450 3053 1512 3088 407
1529 3053 1637 3097 (VIII
1648 3054 1741 3088 9767.
1757 3053 1810 3088 IX
1817 3054 1893 3098 36).
