1968 3268
234 152 317 191 458
915 189 920 195 ,
979 153 1100 199 Caput
1128 153 1193 190 IX.

337 267 381 300 In
397 266 576 309 Bulgaria
599 277 672 309 rep.
697 267 746 299 ad
762 266 861 299 Isker
885 266 1067 309 (Oescum)
1091 268 1129 308 fl.
1153 278 1227 301 non
1251 268 1356 310 longe
1381 278 1404 301 a
1426 267 1570 311 Plevna,
1591 269 1617 303 i.
1635 278 1664 302 e.
1686 269 1728 302 in
1748 269 1938 311 provincia

231 322 366 356 Moesia
389 321 567 362 inferiore
590 322 665 363 (III
686 323 723 357 S.
748 322 835 356 7452
861 323 908 355 ad
930 324 1142 366 apographa
1166 323 1265 367 duo).
1290 341 1334 348 —-
1369 325 1402 365 1)
1438 323 1622 367 Trumplia
1652 327 1842 368 praeterea
1862 334 1937 358 non

229 382 459 421 memoratur,
487 378 690 421 Trumplini
704 380 893 412 memorati
907 381 1004 412 inter
1016 382 1142 422 gentes
1159 381 1310 423 Alpinas
1326 381 1370 413 ab
1386 380 1550 423 Augusto
1566 380 1723 414 devictas
1746 379 1811 424 (cfi
1826 390 1937 424 supra

198 465 203 470 .
226 435 273 470 Ν.
297 436 389 477 847),
419 435 558 468 addicti
579 434 733 474 fuerunt
763 436 819 467 rei
837 435 1006 477 publicae
1030 435 1292 470 Brioeianorum
1316 436 1370 477 (C.
1396 436 1431 470 V
1453 447 1493 480 p.
1515 436 1617 481 545).
1663 437 1801 470 Horum
1823 438 1939 470 tribus

227 492 343 525 Fabia
360 491 445 531 suit.
459 509 499 515 -
521 492 554 533 2)
570 491 681 533 Legio
699 492 864 524 vicesima
880 502 914 525 a.
928 502 965 534 p.
983 490 1065 525 Chr.
1079 493 1100 526 6
1116 494 1180 525 sub
1197 492 1400 526 Messallino
1417 495 1457 526 in
1472 493 1622 538 Illyrico
1632 494 1816 536 pugnavit
1831 492 1938 534 (Vell.

224 549 260 590 2,
276 548 369 590 442).
410 547 545 580 Eadem
563 567 607 572 —
632 548 767 581 dicitur
791 549 884 580 enim
917 548 1016 590 apud
1041 547 1204 583 Tacitum
1227 559 1262 582 a.
1284 548 1318 592 4,
1339 549 1384 582 42
1413 548 1553 582 Tiberio
1574 549 1770 583 multorum
1779 549 1938 592 proelio-

224 614 305 637 rum
333 604 430 636 socia
462 602 575 643 fuisse
605 623 651 628 —
682 615 715 639 a.
746 604 787 637 44
818 602 893 643 fuit
923 605 963 636 in
996 603 1188 637 Germania
1216 603 1410 645 inferiore,
1445 604 1621 638 translata
1655 615 1695 638 eo
1724 606 1801 638 sine
1830 605 1937 639 dubio

223 662 306 702 post
328 659 463 692 cladem
488 660 698 695 Varianam.
746 660 813 693 Hic
838 660 963 693 titulus
986 659 1141 699 fortasse
1151 662 1312 703 pertinet
1334 661 1383 694 ad
1404 660 1555 694 militem
1577 671 1624 694 ex
1646 672 1687 694 ea
1712 661 1852 704 legione
1875 663 1939 704 qui

227 717 444 750 militaverat
458 718 499 749 in
515 717 675 760 Illyrico.
715 716 800 749 Alia
817 719 851 749 et
867 718 1021 750 certiora
1045 718 1211 750 stationis
1227 717 1396 761 Illyricae
1419 717 1629 751 documenta
1652 720 1738 750 sunt
1758 717 1818 751 ΙΙΙ
1834 718 1938 760 2856,

224 773 321 806 2944.
346 773 405 806 III
425 773 460 807 S.
484 774 582 808 9909.
604 773 700 806 9940.

335 826 1937 895 2fffflffimffll

267 909 314 949 sti
347 938 356 947 .
388 908 492 947 XVII
565 909 604 948 h.
635 921 666 948 s.
699 915 770 948 est.

229 905 234 962 Ι
318 922 452 1017 pPrope
475 907 692 1008 lVo'vaesium
718 973 865 1017 (Neuss)
893 973 1104 1007 Germaniae
1136 973 1325 1014 inferioris
1348 985 1423 1018 rep.
1451 986 1485 1009 a.
1509 974 1592 1009 4594
1627 974 1846 1018 (Brambacli
1867 975 1937 1009 268

224 1032 277 1064 bis
301 1031 508 1074 descripta).
541 1050 584 1055 -
621 1031 653 1072 1)
677 1031 808 1073 Fabia,
832 1031 991 1063 Patavio.
1016 1049 1063 1055 -
1087 1032 1121 1072 2)
1150 1031 1193 1063 In
1220 1031 1411 1064 Germania
1436 1030 1613 1071 inferiore
1635 1031 1779 1064 videtur
1800 1032 1936 1065 stetisse

223 1087 316 1129 legio
342 1088 508 1120 vicesima
532 1097 644 1129 usque
667 1087 717 1119 ad
738 1097 771 1119 a.
795 1086 851 1128 45,
877 1096 945 1128 quo
971 1097 1065 1119 anno
1090 1087 1267 1120 translata
1291 1099 1363 1120 esse
1389 1088 1532 1121 videtur
1554 1090 1594 1121 in
1609 1088 1850 1128 Britanniam,
1873 1088 1937 1121 ubi
1955 1099 1964 1109 ·

221 1141 297 1182 fuit
320 1153 353 1176 a.
376 1143 416 1176 64
449 1142 550 1183 (Tac.
576 1153 608 1176 a.
632 1143 684 1184 44,
699 1143 754 1176 54.
774 1142 836 1186 57)
862 1145 897 1174 et
918 1146 1060 1175 morata
1084 1145 1136 1176 est
1153 1154 1223 1186 per
1245 1144 1388 1177 saecula
1414 1142 1479 1186 (cf.
1495 1142 1541 1177 N.
1557 1144 1680 1186 2288),
1704 1144 1801 1177 dicta
1824 1145 1935 1177 etiam

220 1199 437 1232 Britannica
466 1199 500 1232 C.
526 1198 598 1231 ΧΙΙ
616 1198 719 1232 5482.

336 1266 451 1311 2272
497 1268 538 1307 L.
580 1268 776 1308 Antonius
812 1268 857 1307 L.
888 1268 915 1306 f.
943 1265 949 1320 Ι
977 1267 1070 1307 Fab.
1103 1266 1356 1322 Quadraltus,
1394 1269 1562 1310 donatus
1587 1269 1594 1322 Ι
1619 1268 1829 1321 torquibus
1857 1275 1896 1309 et
1926 1267 1933 1323 Ι

227 1335 389 1374 armillis
420 1335 468 1374 ab
495 1335 500 1389 Ι
529 1336 587 1375 Ti.
618 1336 782 1376 Caesare
813 1335 874 1375 bis
887 1335 910 1384 ¹,
938 1334 943 1389 Ι
971 1335 1047 1387 leg.
1077 1334 1148 1374 XX
1173 1339 1283 1382 (dona
1307 1339 1492 1381 militaria,
1515 1342 1660 1383 signum
1684 1340 1865 1384 legionis).

334 1402 487 1435 Brioeiae
512 1402 564 1442 (V
584 1403 672 1436 4565
698 1402 789 1435 vidit
811 1400 1031 1442 Mommsen).
1049 1420 1092 1425 —
1119 1403 1151 1443 1)
1175 1401 1290 1434 Donis
1313 1401 1530 1435 militaribus
1553 1402 1724 1435 donatum
1748 1413 1820 1436 esse
1843 1402 1934 1436 bello

224 1459 430 1491 Pannonico
464 1458 568 1498 (Vell.
598 1459 641 1500 2,
670 1458 752 1501 442)
787 1459 938 1491 coniecit
969 1457 1276 1491 Domaszewskius
1307 1457 1459 1491 Falinen
1490 1461 1540 1491 im
1569 1461 1658 1493 ro‘m.
1691 1459 1802 1492 Hem
1824 1469 1863 1502 p.
1887 1460 1935 1493 58

224 1516 296 1547 not.
319 1515 363 1555 2,·
386 1514 479 1547 idem
494 1513 712 1556 signiferum
728 1516 767 1546 in
785 1515 922 1557 legione
939 1514 1163 1556 Quadratum
1178 1513 1291 1554 fuisse
1302 1517 1421 1557 putat,
1444 1517 1592 1557 propter
1613 1515 1807 1557 imaginem
1822 1516 1934 1558 signi.

335 1581 450 1627 2273
494 1583 538 1622 L.
570 1583 716 1624 Marius
745 1583 790 1622 L.
822 1583 847 1622 f.
889 1581 1077 1637 Pulpinea
1106 1583 1303 1624 Baeterris
1328 1584 1335 1637 Ι
1360 1583 1472 1623 miles
1509 1583 1584 1636 leg.
1622 1582 1732 1623 XX1¹
1769 1582 1934 1638 stilpon·

224 1650 380 1690 diorum
406 1650 412 1703 Ι
437 1649 536 1698 XVI,
567 1663 686 1690 anno.
717 1649 870 1698 XXXX,
898 1651 904 1702 Ι
930 1650 994 1690 hic
1024 1650 1086 1690 sit.
1119 1656 1189 1699 est,
1220 1649 1355 1703 fratelr
1383 1651 1608 1691 faciendum
1634 1649 1640 1705 Ι
1666 1651 1826 1691 curavit.

336 1716 563 1758 Moguntiaci
589 1717 805 1760 (Brambaclz
829 1718 914 1750 4057
937 1718 1057 1761 vidit).
1083 1735 1126 1740 —
1153 1719 1186 1759 1)
1209 1716 1321 1759 Legio
1345 1718 1512 1750 vicesima
1533 1718 1653 1760 prium
1677 1727 1711 1751 a.
1733 1717 1775 1753 44
1796 1715 1873 1757 fuit
1894 1718 1935 1750 in

223 1773 414 1806 Germania
438 1772 614 1812 inferiore
640 1773 741 1817 (Tac.
768 1784 852 1807 ann.
875 1774 907 1816 4,
929 1774 1009 1816 54),
1040 1776 1179 1816 postea,
1203 1776 1297 1805 certe
1325 1785 1359 1807 a.
1382 1775 1442 1816 69,
1473 1776 1512 1806 in
1538 1772 1728 1806 Germania
1751 1775 1933 1817 superiore

220 1827 322 1869 (Tac.
347 1829 427 1862 lzist.
451 1829 488 1870 4,
512 1829 581 1871 64).
631 1829 833 1872 Cognomen
857 1829 1029 1873 Rapacis,
1063 1832 1297 1862 memoratum
1331 1841 1352 1863 a
1381 1829 1505 1863 Tacito
1538 1829 1636 1873 (hist.
1659 1830 1695 1870 2,
1717 1830 1792 1871 45),
1825 1831 1934 1863 etiam

219 1886 258 1918 in
288 1885 528 1927 compluribus
565 1887 755 1929 epitaphiis
794 1886 949 1918 militum
982 1887 1059 1918 eius
1095 1885 1316 1918 Germanicis
1354 1886 1574 1928 adscriptum
1611 1887 1665 1918 est
1695 1884 1796 1928 (item
1829 1883 1932 1925 infra

219 1940 264 1974 N.
290 1941 410 1984 2284).
435 1960 480 1965 —-
503 1942 586 1974 Post
608 1942 856 1974 Domitianum
884 1941 979 1983 legio
1003 1952 1076 1974 non
1100 1945 1340 1983 memoratum·
1371 1952 1511 1975 erasum
1541 1951 1669 1975 nomen
1699 1942 1777 1975 eius
1797 1942 1933 1984 reperi-

222 2000 281 2030 tur
298 1999 335 2029 in
353 1997 459 2030 titulo
477 1997 513 2030 V
511 1997 749 2030 indonissensi
759 1999 881 2030 inscr.
900 1997 994 2030 Helu.
1011 1999 1080 2031 248
1096 2000 1153 2039 [=
1169 1998 1203 2031 0.
1219 1997 1421 2032 Χ1115200.
1436 1998 1560 2040 5204],·
1584 1996 1631 2038 οῙΖ
1654 2007 1765 2041 supra
1781 1996 1826 2031 N.
1842 1997 1933 2032 4058

222 2056 294 2086 not.
318 2055 353 2087 5.

337 2119 451 2165 2274
495 2122 583 2161 Sex.
615 2118 861 2177 Mu[n]atius¹
893 2122 981 2161 Sex.
1013 2123 1039 2161 f.
1067 2123 1073 2175 Ι
1100 2119 1290 2178 [G]alata²
1316 2124 1322 2175 Ι
1347 2123 1483 2163 meiles
1511 2122 1587 2175 leg.
1613 2120 1620 2176 Ι
1646 2121 1783 2162 XXII.³

336 2189 451 2230 Prope
467 2187 730 2222 Alemandriam
754 2198 828 2230 rep.
855 2186 1068 2230 (Nero'utsos
1083 2199 1190 2221 revue
1214 2190 1311 2223 arclz.
1330 2189 1413 2222 1894
1439 2193 1462 2222 t.
1486 2189 1530 2222 48
1549 2199 1584 2232 p.
1600 2188 1693 2230 544).
1711 2206 1755 2212 -
1781 2189 1813 2229 1)
1835 2185 1931 2220 Mun-

222 2243 289 2277 tius
324 2243 502 2287 (correxit
537 2244 687 2286 editor),
735 2245 769 2285 2)
804 2243 838 2277 C.
872 2244 959 2277 alata
994 2245 1164 2279 traditur.
1217 2244 1455 2287 significatur
1485 2246 1588 2287 origo
1619 2254 1666 2277 esc
1698 2242 1849 2277 Galatia.
1884 2260 1930 2267 —

220 2301 253 2342 3)
286 2300 352 2334 Est
375 2300 467 2342 legio
492 2302 657 2333 vicesima
681 2301 837 2333 secunda
861 2301 1099 2335 Deiotariana
1129 2302 1244 2344 dicta,
1267 2303 1307 2334 in
1330 2303 1494 2345 Aegypto
1523 2301 1677 2334 tendens.
1729 2299 1929 2342 [segionum

220 2358 283 2389 sub
301 2358 464 2398 Augusto
489 2358 528 2389 in
551 2358 717 2400 Aegypto
736 2357 952 2390 tendentium
968 2358 1100 2390 milites
1117 2369 1162 2390 ex
1179 2359 1269 2391 bona
1285 2360 1388 2401 parte
1403 2356 1514 2397 fuisse
1533 2356 1706 2390 oriundos
1720 2366 1767 2388 ex
1784 2354 1928 2388 Galatia

223 2413 377 2445 ostendit
401 2413 527 2445 titulus
553 2412 761 2454 Coptitanus
785 2412 885 2452 infra
909 2412 954 2447 N.
978 2415 1080 2447 2485.

334 2491 445 2535 2275
492 2498 628 2538 (imago
659 2496 801 2537 militis)
825 2493 871 2538 Q.
894 2493 1054 2533 Petilius
1085 2492 1131 2538 Q.
1164 2493 1189 2531 f.
1223 2493 1352 2533 Ofen.¹
1379 2490 1384 2546 Ι
1413 2491 1616 2532 Secundus
1644 2491 1749 2530 dom.
1770 2490 1926 2539 Medio„

226 2559 336 2598 miles
356 2559 430 2610 leg.
456 2559 460 2612 Ι
483 2558 549 2597 XV
571 2559 719 2607 Prim.²,
751 2572 844 2598 ann.
867 2558 967 2598 XXV
995 2558 1000 2613 Ι
1027 2559 1117 2612 stip.
1149 2559 1193 2607 V,
1223 2559 1262 2598 h.
1295 2572 1342 2599 ex
1370 2564 1397 2599 t.
1428 2559 1454 2598 f.
1486 2571 1521 2598 c.

336 2624 484 2657 Bonnae
510 2624 725 2664 (Brambaclz
748 2626 811 2658 479
819 2638 832 2666 ,·
857 2626 1020 2658 Huebner
1043 2636 1100 2659 eat.
1124 2636 1191 2659 ser.
1214 2636 1265 2668 ep.
1283 2624 1378 2668 204).
1394 2642 1439 2648 —
1465 2625 1496 2667 1)
1513 2623 1574 2657 Sic
1597 2633 1669 2656 non
1693 2633 1781 2656 raro
1803 2623 1927 2656 scribi-

232 2691 279 2713 ur
300 2691 367 2723 pro
402 2691 441 2713 eo
465 2681 561 2722 quod
586 2682 802 2715 consuetudo
827 2682 1049 2724 requirebat,
1081 2680 1156 2715 Ous.
1188 2700 1233 2705 —
1263 2682 1296 2723 2)
1327 2680 1438 2723 Legio
1472 2680 1606 2713 decima
1638 2681 1766 2722 quinta
1797 2678 1927 2712 Primi·-

212 2738 340 2778 genia,
373 2738 573 2779 conscripta
597 2739 639 2768 ut
675 2736 817 2768 videtur
849 2748 870 2769 a
898 2737 1045 2770 Claudio
1071 2739 1106 2769 et
1133 2739 1173 2770 in
1199 2736 1389 2770 Germania
1413 2735 1589 2776 inferiore
1611 2735 1802 2777 collocata,
1831 2736 1925 2767 certe

218 2794 269 2825 ibi
294 2792 445 2825 tetendit
476 2802 570 2825 anno
594 2793 636 2825 69
669 2791 771 2835 (Tac.
797 2793 876 2825 hist.
902 2793 932 2834 4,
954 2794 999 2825 55
1026 2795 1120 2834 eet).
1168 2793 1251 2826 Post
1282 2803 1415 2825 annum
1444 2793 1485 2826 70
1512 2803 1585 2825 non
1608 2792 1837 2824 memoratur.
1882 2789 1925 2822 In

223 2848 413 2881 Germania
450 2848 598 2891 reliquit
628 2852 816 2891 praeterea
853 2847 963 2880 alium
997 2851 1138 2892 cippum
1168 2848 1400 2892 sepulcralem
1430 2859 1503 2881 una
1537 2858 1615 2881 cum
1649 2847 1716 2879 Ιιοο
1744 2847 1923 2888 repertum

220 2904 437 2943 (By-ambacu
459 2906 539 2945 480)
566 2906 599 2936 et
623 2904 761 2946 tegulas
783 2904 983 2936 nonnullas.

260 3050 322 3077 an.
354 3039 558 3088 XXXVIII,
590 3040 678 3091 stip.
706 3038 712 3093 Ι
739 3039 873 3088 XVIII,
905 3039 942 3078 h.
974 3052 1004 3079 s.
1037 3053 1071 3079 e.
