1968 3268
470 117 586 155 Tituli
607 119 868 165 imperatorum
890 119 1091 164 domusque
1113 118 1384 165 imperatoriae.
1725 120 1779 158 97

193 233 275 280 4⁰1
322 234 548 287 imperatori
578 234 731 275 Caesari
761 234 835 276 divi
866 234 986 274 Marci
1005 233 1199 274 Antonini
1217 233 1277 274 Pii
1296 233 1519 274 Germanici
1545 231 1553 288 Ι
1577 234 1782 275 Sarmatici

80 304 174 354 filio,
193 303 271 344 divi
290 302 348 343 Pii
370 302 520 356 nepoti,
545 302 622 342 divi
642 302 827 342 Hadriani
847 301 1072 355 pronepoti,
1091 299 1097 356 Ι
1115 301 1191 341 divi
1211 301 1370 342 Traiani
1389 301 1559 342 Parthici
1579 301 1781 355 abnepoti,

79 372 157 412 divi
185 371 335 412 Nervae
363 368 573 424 adnepotil
597 370 638 413 L.
662 370 772 411 Aelio
792 370 952 410 Aurelio
972 369 1187 410 Commodo
1207 370 1384 422 Augusto
1410 369 1625 410 Sarmatico
1649 367 1657 424 Ι
1684 369 1783 410 Ger-

80 437 237 479 manico
265 438 434 478 maximo
465 438 704 479 Brittanico¹
735 438 912 491 pontifici
941 437 1123 486 maximo,
1153 436 1387 478 tribuniciae
1411 438 1418 487 Ι
1444 442 1626 490 potestat.
1644 437 1783 486 XVIII,

79 507 257 560 imperat.
286 505 387 555 VIII,
418 506 572 546 consuli
601 505 683 554 VH,
712 506 814 558 patri
843 506 1015 557 patriae..

193 572 325 607 Romae
337 575 375 605 in
385 572 566 606 mausoleo
579 572 759 605 Hadriani
770 571 834 612 (cs.
846 572 897 605 ad
905 571 952 606 N.
963 572 1067 612 522),
1083 571 1262 614 descripta
1278 572 1461 614 reperitur
1474 572 1515 604 in
1532 574 1646 604 vetere
1662 571 1785 605 codice

80 629 299 663 Einsidlensi
319 630 426 670 (saec.
443 629 507 672 IX)
525 632 561 662 et
569 631 695 673 postea
710 638 802 662 saec.
819 627 1052 670 XIV—XV&
1064 630 1187 671 postea
1198 628 1314 671 periit
1325 627 1500 670 (V1992).
1516 647 1562 652 —
1577 628 1644 662 Est
1658 628 1787 661 titulus

79 685 291 730 sepulcralis
308 685 498 727 Commodi,
522 684 706 726 interfecti
728 696 762 718 a.
784 685 849 719 492
873 687 977 719 nocte
1000 694 1092 728 quae
1115 683 1185 718 kal.
1207 683 1400 718 Ianuarias
1417 687 1635 727 praecessit,·
1658 695 1787 729 corpus

80 745 158 776 eius
179 745 405 776 monumento
429 742 611 776 Hadriani
630 741 786 775 inlatum
816 752 889 774 esse
917 742 1018 774 iussu
1041 741 1240 774 Pertinacis
1276 742 1331 774 ait
1361 742 1581 784 biographus
1605 741 1788 775 Commodi

80 800 134 842 47,
154 801 186 832 4.
212 818 260 824 -
292 800 325 842 1)
346 799 492 833 Adsunt
519 800 715 842 agnomina
746 809 793 831 exc
823 797 924 831 bellis
951 798 1183 840 victoriisque
1213 797 1378 830 derivata
1386 809 1401 838 ;
1428 800 1575 832 nomina
1602 800 1787 842 pacator-is

82 857 197 896 orbis,
219 855 369 896 Felicis,
392 855 533 896 Inuicti,
556 854 709 888 Romani
731 854 906 896 Herculis,
933 864 1025 897 quae
1049 853 1258 888 Commodus
1283 854 1339 887 vel
1354 855 1498 897 primus
1521 855 1577 888 vel
1597 855 1694 888 sotus
1718 856 1788 888 sibi

81 914 218 955 tribuit,
242 913 382 947 omissa.

194 1001 282 1048 402
322 1001 433 1058 <divo
455 999 742 1058 Comm[odo]>¹
769 1000 776 1056 Ι
803 1002 853 1042 Μ.
875 1002 1053 1042 Valerius
1073 1002 1355 1043 Maximianus²
1382 1003 1459 1055 leg.
1484 1000 1596 1057 [Any.
1622 1015 1685 1056 pr.
1702 999 1784 1058 pix]

120 1071 157 1111 d.
187 1071 226 1113 d.

81 1069 88 1126 Ι
141 1164 144 1165 ⁷
196 1136 426 1171 Verecundae
451 1138 576 1180 (prope
598 1136 837 1179 Lambaesim)
861 1147 936 1180 rep.
961 1136 1067 1177 (VIII
1079 1136 1198 1179 4242).
1222 1155 1263 1161 -
1291 1137 1324 1179 1)
1349 1135 1531 1170 Commodi
1551 1146 1678 1169 nomen
1700 1138 1789 1170 scri-

76 1195 182 1237 ptum
204 1196 256 1227 est
278 1195 318 1226 in
336 1195 454 1237 spatio
472 1194 645 1237 depresso,
669 1194 807 1227 scilicet
815 1194 975 1236 primum
998 1203 1140 1226 erasum
1156 1194 1254 1237 (post
1267 1195 1416 1225 mortem
1433 1191 1643 1235 Commodi),
1663 1196 1790 1237 postca

80 1251 288 1284 restitutum
319 1254 415 1291 (cum
438 1250 588 1284 Severus
612 1249 839 1283 Commodum
870 1253 1110 1284 consecrasset
1137 1249 1360 1292 fratr-emmae
1381 1253 1637 1293 nuncupasset)
1662 1250 1788 1284 addito

83 1306 159 1339 divi
180 1306 364 1341 vocabulo.
386 1325 432 1332 —
456 1308 491 1350 2)
513 1307 670 1349 Legatus
692 1306 885 1340 Numidiae
907 1305 984 1347 fuit
1003 1308 1067 1340 sub
1093 1306 1282 1341 Commodo
1306 1306 1415 1349 (Eph.
1436 1307 1470 1347 5,
1492 1306 1588 1349 763).

194 1396 279 1443 403
324 1399 411 1439 divo
443 1398 657 1439 Commodo
683 1398 691 1452 Ι
716 1401 816 1451 Aug.
847 1398 988 1451 pontif.
1019 1410 1134 1446 max„
1165 1397 1256 1438 trib.
1284 1398 1291 1451 Ι
1316 1404 1412 1450 pot,
1443 1410 1538 1447 cos„
1568 1399 1605 1439 d.
1636 1399 1674 1438 d.

199 1465 241 1498 In
266 1465 473 1509 Campania,
496 1465 653 1499 Abellini
674 1469 717 1498 ut
738 1465 881 1498 videtur
905 1465 956 1505 (Χ
974 1465 1057 1498 4446
1081 1465 1129 1497 ad
1151 1466 1400 1513 apographum
1425 1464 1578 1506 Smetii).

198 1553 283 1600 404
325 1556 413 1596 divo
443 1556 658 1596 Commodo
684 1554 691 1610 Ι
718 1557 827 1596 fratri
853 1554 860 1610 Ι
886 1556 979 1608 imp.
1001 1555 1108 1596 Caes.
1133 1555 1176 1595 L.
1200 1555 1365 1608 Septimi
1391 1556 1397 1608 Ι
1423 1556 1556 1596 Severi
1577 1555 1636 1595 Pii
1662 1554 1669 1609 Ι
1694 1556 1790 1596 Per·-

86 1623 226 1664 tinacis
254 1626 367 1674 Aug„
393 1622 400 1676 Ι
426 1624 675 1676 praepositus
709 1623 919 1672 Crescens,
956 1623 962 1676 Ι
989 1622 1141 1664 scribae
1176 1623 1494 1671 Fortunatianus,
1521 1622 1528 1677 Ι
1554 1623 1790 1671 FelicianuS,

86 1691 264 1740 Quintio,
290 1689 298 1745 Ι
323 1691 533 1744 Eutyches,
563 1691 830 1731 philumenus.

156 1774 160 1778 ·
198 1757 330 1791 Romae
353 1757 425 1798 (VJ
443 1758 544 1800 4025,
567 1758 678 1791 deser.
704 1757 887 1798 Smetius).

199 1847 285 1894 4⁰5
328 1850 529 1903 Crispinae
563 1851 569 1901 Ι
605 1851 703 1902 Aug.
731 1849 738 1903 Ι
763 1847 879 1904 <imp.
912 1849 1019 1890 Caes.
1046 1848 1053 1903 Ι
1081 1850 1124 1889 L.
1159 1849 1243 1890 Aeli
1271 1846 1418 1901 Aulreli
1448 1846 1661 1904 Comlmodi
1691 1851 1789 1902 Aug.

88 1915 307 1971 coniugi>¹,
333 1916 341 1970 Ι
366 1918 403 1958 d.
433 1919 470 1958 d.
501 1931 540 1971 p.
571 1931 609 1971 p.
1107 1947 1110 1949 -

205 1983 429 2027 Thamugadi
443 1984 636 2019 Numidiae
660 1984 768 2025 (VIII
781 1986 898 2026 2566).
949 1984 1087 2018 Titulus
1108 1985 1248 2027 positus
1270 1986 1354 2016 ante
1376 1994 1409 2016 a.
1431 1984 1509 2026 483,
1533 1994 1602 2026 quo
1627 1983 1792 2027 Crispina

86 2042 126 2073 in
148 2040 299 2074 eoeilium
329 2043 410 2074 acta
438 2044 475 2074 et
502 2052 588 2075 mox
614 2040 806 2081 interfecta
830 2045 891 2075 est.
915 2061 960 2066 —
987 2043 1019 2084 1)
1044 2040 1141 2083 Quae
1163 2041 1268 2074 uncis
1289 2038 1336 2084 <>
1358 2039 1507 2083 inclusi,
1538 2042 1578 2073 in
1601 2041 1715 2074 litura
1737 2052 1794 2074 rc·

84 2098 203 2141 posita
233 2099 329 2132 sunt.
379 2097 530 2131 Videtur
557 2101 676 2132 autem
699 2101 855 2142 scriptor
877 2100 1076 2143 reposuisse
1098 2108 1171 2131 non
1195 2108 1237 2130 ea
1259 2098 1406 2130 nomina
1431 2098 1561 2140 quibus
1585 2096 1794 2131 Commodus

86 2164 173 2187 usus
195 2157 277 2186 crat
298 2164 377 2187 cum
401 2154 528 2187 titulus
549 2157 686 2198 positus
709 2158 769 2198 est,
793 2156 856 2189 sed
876 2167 918 2188 ea
943 2156 1070 2198 quibus
1092 2164 1179 2187 usus
1202 2157 1254 2187 cst
1275 2155 1338 2186 sub
1362 2153 1470 2193 finem
1493 2155 1598 2186 vitae.

199 2243 288 2290 406
332 2246 498 2287 Marciae
527 2247 659 2287 Aurei.
695 2248 702 2301 Ι
736 2248 919 2289 Ceioniae
947 2245 1230 2302 Demeltriadi¹,
1270 2246 1431 2286 stolatae
1467 2244 1702 2298 {seminaez
1742 2245 1793 2286 ob

88 2313 372 2354 dedicationem
391 2312 396 2367 Ι
419 2314 674 2369 thermarum,
695 2328 792 2367 quas
812 2322 902 2369 post
921 2312 1100 2369 1111111111111
1120 2314 1311 2366 temporis
1331 2313 1376 2353 ad
1400 2314 1604 2366 pristinam
1628 2314 1635 2369 Ι
1659 2314 1798 2355 faciem

87 2381 169 2422 suis
189 2381 411 2435 sumptibus
434 2381 800 2430 restau'raverunt⁸,
831 2397 862 2423 s.
882 2396 921 2436 p.
944 2395 982 2435 q.
1004 2382 1201 2433 Anagnin.
1228 2381 1235 2434 Ι
1261 2387 1427 2421 5131113111
1448 2382 1675 2434 ponendam
1704 2394 1800 2422 cen·

90 2455 278 2499 suerunt3
306 2449 313 2503 Ι
340 2446 417 2505 οΙὁ]
445 2450 557 2490 0111115
577 2449 854 2490 (10(1103110111111
874 2456 958 2495 (sic)
984 2450 1090 2489 dedit
1114 2445 1408 2501 decurilonibus
1428 2448 1462 2488 X
1482 2449 1551 2497 V⁴,
1573 2449 1677 2489 sivir.
1713 2455 1798 2496 (sic)

90 2516 123 2556 X
154 2516 201 2565 11,
230 2518 366 2570 popul.
396 2517 430 2557 X
459 2517 575 2570 sing„
601 2516 607 2570 Ι
635 2523 675 2557 01
704 2517 864 2570 epulum
893 2517 1095 2558 sufficiens
1126 2515 1275 2556 omnib.

203 2583 395 2627 Anagniae
426 2585 476 2618 (X
502 2584 619 2625 5948).
670 2583 746 2619 Una
778 2585 879 2616 extat
901 2583 1030 2616 similis
1060 2583 1186 2616 titulus
1216 2582 1263 2617 M.
1288 2582 1430 2616 Aurelii
1456 2582 1649 2617 Sabiniani
1671 2583 1796 2626 Augu-

90 2642 228 2673 storum
256 2641 408 2674 duorum
439 2640 558 2673 liberti
588 2639 638 2680 (X
655 2637 766 2680 5347).
802 2658 847 2664 —
877 2640 909 2681 1)
933 2639 1169 2673 Frobabiliter
1198 2641 1353 2673 coniecit
1381 2639 1572 2673 Mommsen
1603 2640 1696 2672 lianc
1728 2650 1801 2672 esse

91 2695 267 2730 Marciam
283 2698 517 2731 concubinam
536 2696 726 2738 Commodi,
751 2706 842 2738 quae
863 2698 983 2739 postea
1000 2695 1287 2737 interficiendum
1312 2706 1390 2729 eum
1414 2697 1557 2729 curavit
1581 2694 1669 2735 (Dio
1684 2694 1740 2736 72,
1756 2696 1800 2733 4,·

91 2752 151 2786 22.
181 2754 235 2785 vit
268 2753 396 2787 Comm.
427 2755 459 2787 8.
483 2753 534 2787 44.
560 2754 611 2787 47.
636 2754 698 2787 vit.
722 2753 814 2785 Per-t.
837 2753 896 2794 ὅ),
928 2762 1005 2785 eam
1036 2754 1129 2785 enim
1163 2752 1322 2786 libertini
1350 2755 1496 2795 generis
1525 2750 1640 2791 fuisse
1670 2753 1801 2783 nar-rat

91 2810 241 2851 epitome
257 2809 415 2843 Victoris
437 2810 491 2852 47,
514 2811 599 2843 haec
624 2812 742 2842 autem
765 2808 843 2848 filia
859 2808 1001 2842 videtur
1023 2807 1136 2848 fuisse
1160 2808 1351 2842 Sabiniani
1373 2809 1621 2851 Augustorum
1646 2806 1800 2839 duorum

95 2863 213 2897 liberti
236 2867 337 2898 cuius
360 2867 487 2899 titulus
506 2865 677 2908 gemellus
699 2875 772 2897 una
796 2867 907 2898 eoetat.
930 2883 974 2889 -—
999 2865 1033 2904 2)
1057 2864 1110 2897 De
1132 2864 1284 2898 stolatae
1308 2863 1465 2904 feminae
1489 2862 1726 2906 appellatione
1750 2862 1799 2901 cll

96 2919 309 2964 Marquardt
335 2922 557 2956 Privatleben
589 2922 641 2955 ed.
666 2922 688 2954 2
716 2932 751 2964 p.
774 2921 851 2955 575.
875 2940 919 2946 —
944 2922 978 2961 3)
1010 2920 1176 2954 Thermas
1208 2922 1503 2954 restauraverunt
1534 2919 1672 2952 Marcia
1705 2921 1740 2951 et
1771 2921 1803 2951 is

96 2978 197 3010 cuius
221 2978 345 3011 titulus
368 2980 474 3012 iuxta
497 2980 617 3011 stabat
640 2977 867 3012 Sabinianus.
898 2995 937 3002 —
963 2979 997 3018 4)
1022 2977 1199 3010 Deum-ios
1222 2978 1359 3020 quinos.

166 3080 288 3115 0155111,
310 3083 530 3120 {ascriptiones
548 3084 683 3112 Latinae.
1510 3079 1528 3111 ’ἴ
