1968 3268
181 132 263 172 382
371 121 374 124 ”
922 134 1042 180 Caput
1064 133 1144 170 VII.

295 247 409 294 1940
453 245 593 304 [iu]ssu
623 249 717 300 imp.
751 246 954 304 Caesari[s]
983 248 990 303 Ι
1016 249 1180 300 Augusti
1205 247 1213 303 Ι
1238 250 1407 302 gerulis¹
1438 251 1528 303 ped.
1558 251 1612 292 111
1642 252 1730 297 83.

298 314 440 357 Romae,
470 326 565 348 nunc
588 313 742 358 Neapoli
766 315 837 357 (VI
856 315 973 359 9438).
1023 315 1063 348 In
1088 318 1196 358 parte
1231 327 1357 349 aversa
1387 318 1541 351 eiusdem
1565 318 1694 363 lapidis
1717 323 1819 355 extat
1840 323 1888 354 ei-

188 373 284 405 tulus
308 382 409 415 quem
434 371 492 404 Cn.
510 370 705 413 Pompeius,
728 369 922 414 Pompeiae,
948 371 1006 405 Cn.
1023 370 1137 414 Magni
1162 371 1197 413 12,
1222 371 1291 414 lib„
1315 371 1515 418 lsochrysus
1531 375 1732 410 collibet-tae
1752 379 1884 420 posuit.

185 448 228 454 ——
258 429 289 470 1)
309 427 548 469 significatur
564 427 708 460 decuria
721 428 931 469 gerulorum
957 427 1082 471 (supra
1101 427 1146 462 N.
1169 429 1245 463 566.
1267 431 1342 463 504.
1360 429 1454 472 4909,
1477 431 1590 465 Inscr.
1609 431 1669 467 Gr.
1686 420 1785 468 sicit.
1803 433 1883 468 Ital.

185 485 295 527 4082,
320 483 366 523 ef.
390 483 582 516 Mommsen
606 482 759 516 Staatsr.
784 483 827 516 1⁸
852 494 890 526 p.
914 485 980 518 566
1004 487 1077 518 not.
1101 485 1151 529 4).
1198 485 1290 518 Huic
1319 486 1487 520 decuriae
1517 489 1580 521 ubi
1609 489 1726 522 locum
1749 490 1882 533 pedum

188 543 300 573 trium
332 550 411 573 cum
435 540 609 572 dodrante
640 539 742 583 (3311)
775 542 970 583 imperator
992 541 1177 582 Augustus
1207 541 1468 584 adsignaverit,
1497 545 1708 588 ignoratur,
1739 555 1819 579 cum
1842 545 1891 579 de-

186 598 261 629 loco
285 598 348 628 ubi
370 599 511 638 reperta
535 597 583 628 sit
605 597 791 638 inscriptio
816 607 888 629 non
911 599 998 629 satis
1022 600 1166 630 constet.

295 674 405 720 1941
452 676 495 715 L.
529 676 670 716 Luccei
698 675 704 730 Ι
730 677 902 716 Narcissi
929 678 934 729 Ι
961 679 1237 730 perpetuarius
1262 679 1270 731 Ι
1295 681 1519 721 decuriatus
1548 681 1660 722 Rom.

293 743 464 776 Bomarzi
486 745 526 775 in
551 743 701 776 Etruria
726 754 819 786 rep.,
846 743 974 776 tabella
999 755 1107 777 aenea
1133 745 1203 785 (XI
1213 747 1299 780 5041
1325 747 1435 780 deser.
1460 746 1756 792 Zangemeister).

291 863 405 909 1942
450 865 491 905 C.
523 865 644 906 Iulius
674 866 771 917 Aug.
802 865 827 904 1.
860 864 1042 921 Samlius]
1071 865 1077 920 Ι
1104 880 1235 919 proc.,
1263 867 1268 921 Ι
1303 880 1492 909 accensus
1520 863 1596 908 divi
1627 869 1773 910 Claudii
1803 876 1842 910 et
1871 870 1881 925 Ι

179 933 349 973 Neronis
380 933 543 984 Augusti
570 931 577 985 Ι
602 938 875 984 patronorum.

296 999 426 1032 Tibure
452 999 559 1042 (XIV
573 1000 659 1033 5644
683 999 760 1031 vidi
782 1000 885 1043 ipse).

291 1077 404 1123 1943
448 1081 611 1120 Eutacto
638 1079 643 1134 Ι
671 1080 769 1131 Aug.
801 1079 866 1119 lib.
889 1083 1012 1131 proc„
1041 1081 1046 1128 Ι
1072 1093 1239 1122 accenso
1261 1083 1389 1122 delat.¹
1417 1082 1423 1135 Ι
1448 1095 1468 1121 a
1490 1082 1577 1122 divo
1599 1082 1848 1134 Vespasiano,
1873 1083 1879 1135 Ι

176 1147 276 1199 patri
307 1148 477 1199 optimo,
505 1147 511 1200 Ι
537 1136 719 1187 Clemens
749 1147 863 1187 iilius.

289 1213 420 1246 Itomae
445 1214 513 1256 (VI
531 1215 616 1248 4962
643 1214 734 1246 vidit
757 1213 926 1257 Henzmz).
945 1233 986 1238 —-
1016 1216 1049 1254 1)
1076 1213 1130 1253 Cf.
1154 1215 1346 1248 Mommsen
1365 1216 1515 1249 Staatsr.
1540 1216 1581 1249 1²
1600 1226 1638 1258 p.
1662 1210 1829 1250 521'7202.
1845 1219 1878 1250 5.

289 1292 402 1338 1944
446 1294 651 1334 Securitati
679 1294 685 1346 Ι
721 1294 966 1346 cognationis
996 1307 1088 1334 suae
1115 1294 1121 1349 Ι
1147 1295 1387 1336 Fortunatus
1417 1297 1514 1347 Aug.
1546 1296 1594 1345 l.‚
1629 1296 1635 1349 Ι
1662 1309 1779 1336 verna
1809 1309 1879 1349 pa-

178 1369 337 1409 ternus,
366 1361 371 1415 Ι
406 1362 452 1402 ab
485 1361 683 1414 epistulis,
711 1362 716 1415 Ι
750 1365 941 1402 accensus
970 1369 1125 1414 patron.
1154 1362 1159 1415 Ι
1193 1363 1281 1402 divo
1311 1364 1410 1415 Aug.
1442 1363 1699 1416 Vespasiano,
1727 1362 1733 1418 Ι
1765 1364 1880 1404 lictor

179 1430 339 1477 curiat.‚
367 1428 373 1482 Ι
399 1429 487 1469 viat.
518 1430 659 1468 honor.
691 1429 774 1469 dec.
807 1442 886 1470 cos.
910 1436 945 1469 et
976 1442 1056 1481 pr„
1084 1432 1089 1479 Ι
1117 1437 1155 1470 et
1184 1430 1256 1469 sibi
1288 1436 1327 1469 et
1352 1429 1358 1484 Ι
1385 1430 1653 1483 Epaphrodito
1684 1433 1782 1484 Aug.
1812 1432 1837 1471 1.
1870 1431 1877 1489 Ι

175 1497 223 1536 ab
255 1497 444 1549 epistulis,
475 1497 586 1536 fratri
615 1509 700 1537 suo.

292 1563 444 1605 Romae,
466 1573 563 1596 nunc
584 1563 793 1596 Florentiae
818 1563 890 1606 (VJ
909 1563 994 1597 4887
1019 1563 1111 1596 vidit
1135 1563 1303 1606 Henzen).

287 1642 399 1688 1945
445 1643 495 1683 Μ.
528 1643 680 1684 Caelius
710 1643 760 1683 M.
792 1645 816 1684 l.
849 1644 1028 1684 Phileros
1057 1656 1212 1684 accens.
1254 1645 1260 1696 Ι
1301 1644 1345 1683 Τ.
1379 1644 1485 1684 Sexti
1515 1643 1610 1696 imp.
1642 1644 1683 1684 in
1712 1644 1879 1692 Africa¹‚

179 1712 356 1763 Carthag.
397 1712 493 1762 aed.,
524 1712 647 1764 praef.
683 1715 689 1764 Ι
721 1711 745 1750 i.
778 1712 815 1753 d.
848 1712 985 1764 vectig.
1016 1712 1152 1763 quinq.
1183 1711 1336 1751 locand.
1369 1712 1408 1751 in
1441 1711 1584 1751 castell.
1618 1709 1838 1760 LXXXIII,
1872 1710 1878 1765 Ι

174 1780 308 1819 aedem
331 1779 426 1819 Tell.
458 1792 488 1819 s.
519 1792 557 1831 p.
580 1779 695 1829 fec.²;
727 1778 823 1818 IIvir
844 1779 1025 1832 Clupiae³
1045 1779 1125 1828 bis;
1157 1779 1311 1819 Formis
1337 1778 1343 1831 Ι
1370 1780 1576 1832 August.⁴‚
1607 1780 1743 1820 aedem
1762 1779 1878 1832 Nept.

173 1847 289 1899 lapid.
322 1850 423 1886 varis
453 1859 483 1886 s.
515 1859 554 1898 p.
586 1847 745 1885 ornaV.³
770 1845 776 1899 Ι
811 1847 1008 1887 Fresidiae
1039 1847 1083 1886 N.
1116 1847 1140 1885 l.
1172 1847 1312 1886 Florae
1342 1847 1468 1895 uxori,
1499 1847 1581 1886 viro
1612 1839 1772 1899 opseqss‘⁶
1796 1846 1803 1900 Ι
1829 1847 1878 1894 Q.

175 1915 335 1954 Octavio
370 1914 410 1952 D.
442 1914 467 1952 l.
499 1914 731 1953 Antimacho
762 1914 856 1953 karo
887 1915 1025 1954 amico.

288 1980 402 2021 Prope
426 1980 593 2012 Formias
619 1979 669 2019 (X
690 1980 783 2017 6404?
802 1980 895 2012 vidit
916 1979 1138 2023 Mommsen).
1163 1999 1206 2004 —
1235 1982 1264 2022 1)
1289 1979 1354 2012 Res
1384 1991 1416 2015 a.
1445 1979 1482 2014 T.
1507 1980 1633 2013 Seoetio
1655 1982 1740 2022 post
1760 1976 1878 2013 necem

178 2036 340 2068 Caesaris
364 2036 552 2067 dictatoris
575 2037 614 2068 in
630 2034 761 2074 Africa
785 2038 911 2067 contra
931 2035 1161 2076 Cornificium
1187 2039 1221 2068 et
1245 2039 1371 2069 contra
1391 2036 1496 2068 duces
1514 2035 1674 2068 Caesaris
1691 2035 1879 2069 Octaviani

170 2094 293 2134 gestas
306 2091 767 2132 enarrantDio48‚2l—25
778 2092 855 2131 (sub
873 2102 903 2124 a.
911 2091 1004 2132 744),
1019 2094 1205 2134 Appianus
1216 2093 1247 2132 4,
1255 2093 1401 2125 52—56.
1414 2092 1511 2133 5326.
1533 2092 1786 2135 Imperatorem
1798 2102 1878 2124 eum

177 2147 394 2190 appellatum
411 2159 483 2180 esse
499 2148 587 2180 alibi
610 2158 682 2180 non
707 2148 877 2180 traditur.
894 2166 937 2171 —
957 2149 990 2190 2)
1009 2148 1228 2190 Carthagine
1244 2147 1385 2190 aedilis,
1407 2146 1611 2190 praefectus
1626 2146 1711 2180 iure*
1721 2147 1877 2180 dicundo

176 2205 411 2246 vectigalibus
436 2204 762 2246 quinquennalibus
786 2204 946 2237 locandis
970 2206 1010 2237 in
1035 2205 1190 2238 castellis
1214 2206 1396 2246 octoginta
1422 2205 1552 2244 tribus,
1581 2204 1702 2237 aedem
1729 2202 1879 2236 Telluris

175 2271 241 2292 sua
263 2262 417 2303 pecunia
441 2258 541 2299 fecit.
565 2278 608 2283 -—
635 2261 668 2301 3)
695 2260 823 2304 Clupea
849 2261 1017 2303 oppidum
1041 2261 1209 2301 Africae,
1234 2271 1302 2303 quo
1326 2259 1503 2292 coloniam
1527 2259 1669 2292 videtur
1689 2258 1879 2291 dedu-‘cisse

178 2316 308 2349 Caesar
332 2316 489 2349 dictator
514 2315 577 2357 (cf.
605 2316 639 2350 C.
665 2316 755 2350 VIII
773 2327 807 2359 p.
825 2318 899 2358 28).
946 2318 1109 2360 Apparet
1131 2317 1354 2356 Philerotem,
1373 2318 1566 2358 postquam
1588 2325 1668 2347 cum
1690 2313 1727 2349 T.
1751 2313 1876 2347 Seoetio

178 2374 218 2404 in
241 2371 407 2411 Africam
431 2374 536 2412 venit,
562 2374 613 2404 ibi
632 2382 700 2414 per
723 2373 872 2416 aliquod
894 2376 1029 2416 tempus
1054 2373 1272 2407 domicilium
1296 2372 1419 2413 fixisse
1443 2374 1478 2404 et
1498 2373 1537 2403 in
1561 2370 1799 2413 compluribus
1815 2380 1875 2412 op-

174 2428 272 2470 pidis
296 2429 490 2460 honoribus
514 2428 680 2468 functum
704 2440 786 2462 esse.
834 2429 877 2462 In
901 2429 1050 2463 coloniis
1073 2440 1162 2472 quas
1187 2429 1221 2463 C.
1247 2428 1378 2461 Caesar
1400 2429 1440 2460 in
1457 2426 1656 2470 provinciis
1682 2427 1876 2468 constituit,

177 2484 316 2516 aditum
348 2484 397 2516 ad
419 2495 571 2517 summos
603 2487 753 2518 honores
785 2487 893 2519 etiam
925 2486 1102 2519 libertinis
1129 2487 1288 2528 patuisse
1319 2484 1502 2525 colligitur
1533 2492 1579 2514 ex
1609 2482 1685 2523 lege
1715 2480 1876 2514 coloniae

174 2540 289 2573 Iuliae
308 2533 505 2573 Genetivae.
522 2560 565 2565 —
583 2543 619 2583 4)
634 2542 848 2583 Augustalis
872 2542 932 2582 (ab
957 2543 1151 2574 honoribus
1173 2543 1290 2584 igitur
1304 2538 1580 2581 municipalibus
1594 2536 1875 2570 Formianorum

176 2597 367 2629 arcebatur
399 2599 441 2627 ut
471 2596 613 2628 videtur
635 2597 795 2629 Phileros
817 2600 938 2640 utpote
970 2597 1183 2640 libertinus).
1239 2596 1399 2629 Ceterum
1432 2597 1483 2626 est
1511 2595 1597 2626 haec
1625 2593 1874 2635 antiquissima

173 2652 327 2692 fortasse
357 2654 488 2684 mentio
521 2652 799 2694 Augustalitatis
830 2653 893 2693 (οῘῖ
926 2664 1035 2697 supra
1067 2652 1111 2686 Ν.
1135 2653 1207 2696 89).
1231 2671 1275 2676 -
1307 2653 1340 2693 5)
1366 2650 1439 2684 Sua
1462 2651 1614 2692 pecunia
1645 2650 1797 2681 ornavit.
1828 2665 1874 2672 —

176 2711 210 2748 6)
238 2708 584 2751 Opsequentiseimae.

289 2797 403 2843 1946
447 2798 516 2839 Cn.
540 2798 744 2838 Cornelius
765 2798 917 2849 Magni¹
950 2799 973 2838 l.
1003 2797 1008 2850 Ι
1035 2799 1217 2838 Oceanus
1237 2809 1426 2838 accensus
1449 2795 1454 2849 Ι
1476 2802 1642 2848 patrono
1673 2795 1712 2833 in
1745 2795 1842 2833 cos.2
1863 2793 1870 2847 Ι

175 2868 348 2919 Antipho
379 2867 553 2918 Magnae.
581 2865 587 2919 Ι
615 2865 812 2918 Synhetus
841 2866 1004 2916 Magnae
1034 2866 1059 2904 l.
1089 2864 1094 2919 Ι
1120 2879 1140 2905 a
1171 2878 1304 2905 manu.

289 2933 420 2966 Romae
443 2943 516 2974 rep.
543 2932 614 2972 (VI
627 2932 707 2965 4964
732 2932 824 2964 vidit
847 2931 889 2963 de
912 2931 1039 2971 Rossi).
1058 2950 1102 2956 -
1120 2933 1151 2974 1)
1170 2932 1229 2965 Cn.
1249 2929 1432 2965 Cornelius
1451 2927 1563 2962 Cinna
1579 2927 1732 2970 Magnus
1749 2926 1875 2959 consul

176 2988 249 3026 fuit
273 2999 304 3020 a.
328 2999 363 3029 p.
391 2988 470 3022 Chr.
494 2990 528 3021 5.
553 3007 594 3012 -
622 2989 655 3030 2)
679 2989 721 3020 In
746 2987 944 3020 consulatu.
