1968 3268
138 114 220 153 350
384 115 387 117 ’
887 116 1006 162 Caput
1028 117 1091 154 VI.

252 229 364 276 1690
407 232 480 272 diis
499 231 683 271 mAnibus
708 231 716 283 Ι
742 231 800 271 Ti.
823 231 958 272 Claudi
977 233 1077 286 Aug.
1098 233 1165 272 lib.
1191 231 1198 286 Ι
1224 233 1396 275 Thaletis
1415 233 1609 276 Viniciani
1632 233 1641 289 Ι
1666 248 1834 277 nomen-

137 300 294 340 clatoris
319 301 326 353 Ι
353 312 373 340 3
404 300 608 348 censibus,
635 297 643 355 Ι
668 299 830 339 Thallus
859 305 898 338 et
927 299 1105 340 Ianuaria
1131 299 1138 354 Ι
1163 300 1231 341 lib.
1267 301 1316 341 de
1344 314 1418 343 suo
1447 309 1687 355 posuerunt,
1713 302 1721 358 Ι
1744 303 1833 344 loco

135 367 263 420 legato
294 367 342 407 ab
368 366 375 421 Ι
400 368 499 407 lulio
530 368 662 407 Alcide
692 367 780 407 coll.
812 367 908 417 eius,
933 365 941 420 Ι
967 368 1079 409 cuius
1108 368 1225 410 heres
1254 369 1339 410 fuit.

249 433 390 474 Romae,
414 444 509 466 nunc
531 433 741 467 Florentiae
765 433 940 477 (V18958
961 434 1053 468 vidit
1076 434 1246 479 Henzen).

244 626 354 672 1691
401 630 484 669 Ser.
516 628 690 682 Sulpicio
716 626 723 683 Ι
749 629 849 682 Aug.
879 629 905 669 l.
936 629 1053 669 Fasto
1079 627 1086 682 Ι
1112 628 1161 668 ab
1200 629 1449 679 admissione,
1475 630 1482 680 Ι
1509 630 1593 671 Ser.
1624 630 1709 671 Ser.
1741 628 1832 669 Sul-

130 696 207 748 pici
234 694 240 749 Ι
267 696 515 749 Agathemer.
542 695 549 749 Ι
576 702 615 737 et
643 697 802 737 Thallus
828 700 834 747 Ι
861 697 1095 737 conliberto.

245 761 376 796 Romae
401 762 570 805 (V18699
591 763 698 796 semel
719 764 896 806 descripta
918 774 1007 797 saec.
1030 762 1160 807 XVII).

242 853 356 899 1692
398 857 435 896 (1.
466 869 518 895 m.
546 858 551 905 Ι
580 855 756 895 Onesimi
781 855 788 909 Ι
814 856 913 908 Aug.
944 856 1010 896 lib.
1042 856 1160 896 adiut.
1187 855 1194 909 Ι
1220 856 1268 896 ab
1305 855 1553 905 admissione,
1579 854 1587 909 Ι
1613 854 1726 908 Ulpia
1755 855 1828 894 Ar-

128 923 239 963 sinoe
269 924 429 976 coniugi
459 924 497 963 b.
529 936 581 963 m.
611 925 637 963 f.

243 990 393 1022 Athenis
417 990 587 1031 (1116407
608 989 700 1023 vidit
722 990 776 1023 Jo.
801 989 987 1031 Schmidt).

240 1057 352 1124 1693
398 1081 435 1120 d.
467 1094 518 1120 m.
547 1079 553 1135 Ι
579 1082 629 1121 Μ.
663 1082 776 1133 Ulpio
807 1082 907 1134 Aug.
938 1080 1005 1120 lib.
1036 1082 1189 1133 Zopyro
1216 1079 1221 1133 Ι
1247 1092 1360 1133 prox.
1391 1079 1440 1119 ab
1470 1079 1718 1128 admissione,
1749 1085 1788 1118 et
1817 1076 1824 1133 Ι

128 1147 324 1200 Sulpiciae
354 1148 504 1198 Iustae,
539 1148 546 1202 Ι
573 1149 684 1202 Ulpia
714 1149 819 1190 Iusta
849 1149 926 1189 filia
952 1149 958 1202 Ι
985 1149 1216 1202 parentibus
1252 1147 1506 1195 dulcissimis,
1545 1153 1585 1187 et
1616 1149 1625 1199 Ι
1651 1146 1825 1199 Sulpicio

126 1216 310 1255 Marcello
345 1217 516 1263 alumno,
554 1219 560 1268 Ι
595 1217 783 1269 Daphnus
812 1219 910 1270 Aug.
941 1217 1146 1257 Tullianus
1185 1216 1335 1264 soeer¹,
1362 1214 1369 1269 Ι
1394 1215 1543 1256 libertis
1571 1214 1825 1266 libertabusq.

126 1284 335 1335 posterisq.
367 1296 519 1323 eorum.

239 1349 369 1382 Romae
394 1351 412 1390 (
412 1349 449 1383 V
446 1350 463 1382 I
476 1350 559 1383 8704
578 1351 671 1383 vidit
688 1351 854 1393 Henzen).
871 1370 915 1375 —
935 1353 966 1393 1)
983 1351 1128 1394 Daphni
1142 1352 1275 1384 ‘mentio
1292 1349 1433 1382 videtur
1444 1351 1572 1392 postea
1586 1350 1726 1381 intrusa
1743 1359 1825 1382 ene.

238 1438 349 1484 1694
393 1441 430 1481 d.
469 1455 520 1482 m.
555 1442 562 1496 Ι
589 1443 640 1482 Μ.
670 1442 828 1482 Aurelio
859 1443 957 1494 Aug.
991 1441 1000 1496 Ι
1032 1442 1099 1482 lib.
1129 1442 1390 1482 Antiochiano
1417 1441 1424 1490 Ι
1449 1440 1635 1492 magistro
1673 1437 1722 1479 ab
1756 1436 1825 1492 3ῐΙ-

125 1509 326 1556 missione,
358 1508 654 1564 Antiolchianus
685 1516 723 1550 et
752 1508 966 1565 Antilochis
997 1510 1051 1549 fili
1083 1509 1220 1550 eredes
1246 1507 1252 1562 Ι
1279 1509 1378 1562 patri
1409 1508 1569 1560 optimo.

239 1576 281 1608 In
305 1579 522 1609 monasterio
547 1577 754 1610 Sublacensi
772 1587 886 1620 prope
909 1576 1056 1610 Romam
1082 1576 1182 1620 (XIV
1196 1576 1313 1620 5457).

235 1655 346 1702 1695
391 1658 600 1711 Tyrannus
630 1659 823 1698 Antoniae
850 1658 856 1712 Ι
883 1659 1033 1707 Drusi¹,
1065 1658 1113 1698 ab
1143 1658 1391 1699 admissione.

234 1723 365 1758 Romae
388 1726 426 1757 in
451 1725 670 1758 columbario
687 1726 804 1758 eodem
829 1727 869 1758 in
892 1736 962 1768 quo
978 1725 1022 1758 N.
1039 1725 1125 1759 4665
1149 1725 1346 1764 (Lam-iani
1367 1724 1450 1757 hall.
1467 1734 1555 1757 com.
1571 1722 1658 1756 4885
1678 1732 1714 1764 p.
1731 1721 1822 1763 409),

121 1799 165 1804 -
194 1782 224 1822 1)
255 1781 308 1813 De
338 1781 515 1821 Antonia,
549 1781 703 1814 Neronis
733 1782 844 1814 Drusi
876 1792 1009 1823 nccare,
1040 1781 1087 1821 (Τ.
1118 1792 1228 1825 supra
1258 1781 1303 1815 N.
1327 1781 1399 1815 449.
1429 1781 1504 1814 450.
1531 1780 1624 1819 222,
1647 1779 1691 1821 2,
1719 1776 1822 1818 infra

120 1836 166 1869 Ν.
190 1837 284 1871 4754.

236 1925 348 1972 1696
392 1928 572 1968 Maritimi
604 1927 611 1983 Ι
646 1930 840 1969 Antoniae
875 1930 991 1970 Drusi
1027 1930 1033 1982 Ι
1064 1931 1272 2012 rogatoris
1303 1927 1319 1984 ΙΙ
1364 1929 1549 1976 Quintiae
1585 1927 1590 1981 Ι
1625 1927 1820 1968 Antoniae

120 1996 236 2036 Drusi
266 1995 291 2034 l.
319 1995 324 2049 Ι
352 1996 548 2036 cantricis.

235 2061 366 2095 Romae
389 2066 427 2095 in
452 2063 571 2095 eodem
595 2064 815 2096 columbario
839 2065 878 2095 in
902 2074 971 2105 quo
994 2063 1039 2097 Ν.
1064 2064 1148 2097 4695
1174 2063 1282 2106 (Ball.
1310 2074 1395 2098 com,
1420 2063 1507 2097 4885
1526 2074 1563 2106 p.
1581 2061 1672 2105 409).

233 2151 343 2197 1697
388 2154 446 2194 Ti.
478 2154 611 2194 Claudi
641 2156 740 2207 Aug.
776 2154 782 2208 Ι
815 2155 882 2194 lib.
912 2155 1014 2195 Aviti
1043 2154 1305 2210 imbiltatoris,
1345 2162 1384 2195 et
1413 2155 1458 2194 Τ.
1489 2153 1584 2211 Aelii
1613 2154 1711 2206 Aug.
1750 2154 1817 2194 lib.

119 2218 323 2276 Theoldoti
361 2222 560 2277 adiutolris
598 2235 617 2262 3
656 2223 807 2274 coguit,
835 2221 841 2275 Ι
877 2230 916 2263 et
946 2224 1141 2264 Scetasiae
1167 2223 1174 2278 Ι
1201 2223 1382 2264 Octaviae
1410 2223 1485 2263 filis
1517 2222 1524 2277 Ι
1558 2222 1777 2271 carissimis,
1808 2218 1816 2275 Ι

118 2288 289 2328 Antonia
319 2290 500 2330 Rhodine
526 2289 533 2344 Ι
558 2296 683 2329 mater
711 2290 817 2330 fecit.

230 2355 361 2388 Romae
385 2356 554 2396 (V18634
578 2356 669 2389 vidit
692 2357 860 2399 Henzen).

230 2444 345 2490 1698
385 2448 421 2486 (1.
453 2460 504 2486 m.
531 2448 537 2499 Ι
564 2448 796 2488 libertorum
822 2449 827 2502 Ι
854 2449 899 2488 Τ.
931 2449 1035 2489 Flavi
1065 2451 1164 2501 Aug.
1195 2449 1262 2488 lib.
1289 2447 1297 2502 Ι
1323 2448 1487 2488 Victoris
1512 2445 1519 2501 Ι
1545 2460 1565 2486 3
1595 2459 1689 2487 cura
1718 2446 1815 2487 ami'-

117 2525 268 2552 corum.

232 2578 362 2621 Romae
389 2579 459 2618 (VI
470 2579 555 2612 8797
577 2583 719 2623 saepius
742 2582 918 2626 descripta
941 2593 1031 2618 saec.
1055 2583 1279 2626 XVIJXVII).

230 2666 341 2712 1699
387 2669 543 2710 Silvano
583 2684 758 2723 sacrum,
796 2675 930 2714 sodal.¹
966 2669 988 2728 Ι
1007 2675 1090 2715 eius
1124 2680 1162 2714 et
1197 2674 1340 2714 Larum
1378 2672 1524 2712 donum
1559 2669 1724 2725 {posuit
1752 2671 1811 2711 Ti.

117 2736 299 2776 Claudius
319 2737 421 2787 Aug.
445 2734 452 2790 Ι
478 2737 545 2777 lib.
576 2738 839 2780 Fortunatus²
868 2754 889 2780 a
915 2741 921 2794 Ι
948 2754 1043 2782 cura
1072 2742 1286 2782 amicorum
1313 2739 1320 2793 Ι
1346 2741 1526 2791 idemque
1556 2739 1745 2779 dedicavit
1774 2744 1813 2779 et

115 2805 276 2856 epulum
306 2805 413 2844 dedit
438 2802 444 2858 Ι
471 2804 626 2845 decuris
656 2818 696 2845 n.
718 2807 804 2855 Illl,
836 2809 871 2847 k.
894 2809 1079 2860 Augustis
1101 2810 1141 2850 C.
1162 2807 1332 2863 Minilcio
1354 2808 1544 2849 Fundano
1565 2811 1605 2846 et
1629 2805 1636 2858 Ι
1663 2805 1704 2846 C.
1721 2805 1811 2845 Vet-

113 2872 250 2910 teunio
281 2869 436 2926 Selvero
467 2873 563 2912 (ιοε.3

226 2936 367 2980 Romae,
389 2948 485 2971 nunc
505 2938 637 2971 Omoniz·
660 2940 810 2979 (171630
834 2941 924 2973 vidit
939 2942 1129 2982 Huebner).
1147 2961 1191 2966 —
1217 2944 1247 2984 1)
1265 2941 1457 2976 sodalicio.
1481 2958 1525 2963 —
1542 2940 1584 2982 2)
1607 2939 1703 2972 Idem
1717 2939 1810 2973 For-

114 2994 260 3025 amatus
283 2996 335 3025 est
357 2994 391 3027 V
391 2995 411 3027 I
422 2996 496 3028 604.
519 3014 564 3018 —-
589 2997 621 3038 3)
646 2996 776 3029 Fasces
798 3001 1025 3039 sumpserunt
1047 2998 1117 3031 Ical.
1142 2997 1245 3031 Iuliis
1268 3009 1301 3030 a.
1317 2985 1413 3037 40ξῖ
