<?xml version="1.0" encoding="UTF-8"?>
<!DOCTYPE html PUBLIC "-//W3C//DTD XHTML 1.0 Transitional//EN"
    "http://www.w3.org/TR/xhtml1/DTD/xhtml1-transitional.dtd">
<html xmlns="http://www.w3.org/1999/xhtml" xml:lang="en" lang="en">
 <head>
  <title>
</title>
<meta http-equiv="Content-Type" content="text/html;charset=utf-8" />
  <meta name='ocr-system' content='tesseract 3.04.00' />
  <meta name='ocr-capabilities' content='ocr_page ocr_carea ocr_par ocr_line ocrx_word'/>
</head>
<body>
  <div class='ocr_page' id='page_1' title='image "./inscriptioneslat01dessuoft_0438.png"; bbox 0 0 1968 3268; ppageno 0'>
   <div class='ocr_carea' id='block_1_1' title="bbox 1680 0 1968 33">
    <p class='ocr_par' dir='ltr' id='par_1_1' title="bbox 1680 0 1968 33">
     <span class='ocr_line' id='line_1_1' title="bbox 1680 0 1968 33; baseline 0 3235"><span class='ocrx_word' id='word_1_1' title='bbox 1680 0 1968 33; x_wconf 95' lang='lat' dir='ltr'><em> </em></span> 
     </span>
    </p>
   </div>
   <div class='ocr_carea' id='block_1_2' title="bbox 182 169 1135 215">
    <p class='ocr_par' dir='ltr' id='par_1_2' title="bbox 182 169 1135 215">
     <span class='ocr_line' id='line_1_2' title="bbox 182 169 1135 215; baseline -0.003 -8"><span class='ocrx_word' id='word_1_2' title='bbox 182 169 262 207; x_wconf 85' lang='lat'><em>426</em></span> <span class='ocrx_word' id='word_1_3' title='bbox 931 169 1050 215; x_wconf 82' lang='lat' dir='ltr'><em>Caput</em></span> <span class='ocrx_word' id='word_1_4' title='bbox 1071 169 1135 205; x_wconf 88' lang='lat' dir='ltr'><strong>IX.</strong></span> 
     </span>
    </p>
   </div>
   <div class='ocr_carea' id='block_1_3' title="bbox 293 269 1883 343">
    <p class='ocr_par' dir='ltr' id='par_1_3' title="bbox 293 269 1883 343">
     <span class='ocr_line' id='line_1_3' title="bbox 293 269 1883 343; baseline 0 -13"><span class='ocrx_word' id='word_1_5' title='bbox 293 282 409 330; x_wconf 75' lang='grc'><em>2120</em></span> <span class='ocrx_word' id='word_1_6' title='bbox 452 285 488 324; x_wconf 92' lang='lat' dir='ltr'><em>d.</em></span> <span class='ocrx_word' id='word_1_7' title='bbox 519 297 570 324; x_wconf 88' lang='lat' dir='ltr'><em>m.</em></span> <span class='ocrx_word' id='word_1_8' title='bbox 603 297 633 324; x_wconf 91' lang='lat' dir='ltr'><em>s.</em></span> <span class='ocrx_word' id='word_1_9' title='bbox 661 282 668 337; x_wconf 88' lang='grc' dir='ltr'>Ι</span> <span class='ocrx_word' id='word_1_10' title='bbox 694 284 741 330; x_wconf 88' lang='lat' dir='ltr'><em>Q.</em></span> <span class='ocrx_word' id='word_1_11' title='bbox 780 284 901 325; x_wconf 93' lang='lat' dir='ltr'><em>Iulius</em></span> <span class='ocrx_word' id='word_1_12' title='bbox 937 269 1161 325; x_wconf 85' lang='lat' dir='ltr'><em>Victorinus</em></span> <span class='ocrx_word' id='word_1_13' title='bbox 1201 287 1208 336; x_wconf 94' lang='grc' dir='ltr'>Ι</span> <span class='ocrx_word' id='word_1_14' title='bbox 1241 285 1354 326; x_wconf 86' lang='lat' dir='ltr'><em>miles</em></span> <span class='ocrx_word' id='word_1_15' title='bbox 1383 286 1471 327; x_wconf 90' lang='lat' dir='ltr'><em>coh.</em></span> <span class='ocrx_word' id='word_1_16' title='bbox 1509 287 1527 327; x_wconf 93' lang='lat'>1</span> <span class='ocrx_word' id='word_1_17' title='bbox 1565 286 1736 337; x_wconf 79' lang='lat' dir='ltr'><em>urban-¹,</em></span> <span class='ocrx_word' id='word_1_18' title='bbox 1767 287 1776 343; x_wconf 97' lang='grc' dir='ltr'>Ι</span> <span class='ocrx_word' id='word_1_19' title='bbox 1807 289 1883 331; x_wconf 83' lang='lat' dir='ltr'><em>vix.</em></span> 
     </span>
    </p>
   </div>
   <div class='ocr_carea' id='block_1_4' title="bbox 181 350 1889 518">
    <p class='ocr_par' dir='ltr' id='par_1_4' title="bbox 181 350 1889 518">
     <span class='ocr_line' id='line_1_4' title="bbox 183 350 880 405; baseline -0.003 -12"><span class='ocrx_word' id='word_1_20' title='bbox 183 365 246 393; x_wconf 87' lang='lat' dir='ltr'><em>an.</em></span> <span class='ocrx_word' id='word_1_21' title='bbox 276 352 402 393; x_wconf 90' lang='lat' dir='ltr'><strong>XXIX</strong></span> <span class='ocrx_word' id='word_1_22' title='bbox 430 364 554 392; x_wconf 91' lang='lat' dir='ltr'><em>mens.</em></span> <span class='ocrx_word' id='word_1_23' title='bbox 582 351 653 400; x_wconf 83' lang='lat'>111,</span> <span class='ocrx_word' id='word_1_24' title='bbox 681 351 686 405; x_wconf 98' lang='grc' dir='ltr'>Ι</span> <span class='ocrx_word' id='word_1_25' title='bbox 713 350 752 391; x_wconf 93' lang='lat' dir='ltr'><em>h.</em></span> <span class='ocrx_word' id='word_1_26' title='bbox 783 365 813 392; x_wconf 89' lang='lat' dir='ltr'><em>s.</em></span> <span class='ocrx_word' id='word_1_27' title='bbox 845 364 880 391; x_wconf 91' lang='lat' dir='ltr'><em>e.</em></span> 
     </span>
     <span class='ocr_line' id='line_1_5' title="bbox 295 418 1889 466; baseline 0.003 -13"><span class='ocrx_word' id='word_1_28' title='bbox 295 419 513 461; x_wconf 76' lang='lat' dir='ltr'><em>Carthagine</em></span> <span class='ocrx_word' id='word_1_29' title='bbox 543 429 639 461; x_wconf 58' lang='lat' dir='ltr'><em>rep„</em></span> <span class='ocrx_word' id='word_1_30' title='bbox 677 420 717 450; x_wconf 92' lang='lat' dir='ltr'><em>in</em></span> <span class='ocrx_word' id='word_1_31' title='bbox 747 418 867 451; x_wconf 86' lang='lat' dir='ltr'><em>eodem</em></span> <span class='ocrx_word' id='word_1_32' title='bbox 894 418 1108 462; x_wconf 72' lang='lat' dir='ltr'><em>sepulcr-eto,</em></span> <span class='ocrx_word' id='word_1_33' title='bbox 1140 420 1180 452; x_wconf 87' lang='lat' dir='ltr'><em>in</em></span> <span class='ocrx_word' id='word_1_34' title='bbox 1210 430 1279 462; x_wconf 82' lang='lat' dir='ltr'><em>quo</em></span> <span class='ocrx_word' id='word_1_35' title='bbox 1309 419 1354 454; x_wconf 89' lang='lat' dir='ltr'><em>N.</em></span> <span class='ocrx_word' id='word_1_36' title='bbox 1379 421 1483 464; x_wconf 73' lang='lat'><strong><em>1550,</em></strong></span> <span class='ocrx_word' id='word_1_37' title='bbox 1516 424 1569 454; x_wconf 75' lang='lat' dir='ltr'><em>ent</em></span> <span class='ocrx_word' id='word_1_38' title='bbox 1597 422 1749 456; x_wconf 68' lang='lat' dir='ltr'><em>Parisiis</em></span> <span class='ocrx_word' id='word_1_39' title='bbox 1779 423 1889 466; x_wconf 88' lang='lat' dir='ltr'><strong>(VIII</strong></span> 
     </span>
     <span class='ocr_line' id='line_1_6' title="bbox 181 475 388 518; baseline -0.005 -9"><span class='ocrx_word' id='word_1_40' title='bbox 181 475 218 511; x_wconf 90' lang='lat' dir='ltr'><em>S.</em></span> <span class='ocrx_word' id='word_1_41' title='bbox 245 475 388 518; x_wconf 75' lang='grc'><em>42592).</em></span> 
     </span>
    </p>
   </div>
   <div class='ocr_carea' id='block_1_5' title="bbox 292 564 1883 622">
    <p class='ocr_par' dir='ltr' id='par_1_5' title="bbox 292 564 1883 622">
     <span class='ocr_line' id='line_1_7' title="bbox 292 564 1883 622; baseline 0.005 -19"><span class='ocrx_word' id='word_1_42' title='bbox 292 564 404 611; x_wconf 80' lang='grc'><strong>2121</strong></span> <span class='ocrx_word' id='word_1_43' title='bbox 438 596 446 604; x_wconf 93' lang='grc'><strong><em>.</em></strong></span> <span class='ocrx_word' id='word_1_44' title='bbox 480 596 488 604; x_wconf 92' lang='grc'><strong><em>.</em></strong></span> <span class='ocrx_word' id='word_1_45' title='bbox 522 596 546 618; x_wconf 88' lang='lat'><em>·.</em></span> <span class='ocrx_word' id='word_1_46' title='bbox 565 596 784 605; x_wconf 91' lang='grc'><strong>......</strong></span> <span class='ocrx_word' id='word_1_47' title='bbox 813 565 819 620; x_wconf 99' lang='grc' dir='ltr'>Ι</span> <span class='ocrx_word' id='word_1_48' title='bbox 846 566 934 606; x_wconf 91' lang='lat' dir='ltr'><em>coh.</em></span> <span class='ocrx_word' id='word_1_49' title='bbox 964 566 981 606; x_wconf 90' lang='grc' dir='ltr'>Ι</span> <span class='ocrx_word' id='word_1_50' title='bbox 1010 566 1113 607; x_wconf 86' lang='lat' dir='ltr'><em>urb.¹</em></span> <span class='ocrx_word' id='word_1_51' title='bbox 1145 576 1169 612; x_wconf 72' lang='lat'>7</span> <span class='ocrx_word' id='word_1_52' title='bbox 1200 567 1308 608; x_wconf 89' lang='lat' dir='ltr'><em>Clodi</em></span> <span class='ocrx_word' id='word_1_53' title='bbox 1338 567 1441 618; x_wconf 84' lang='lat' dir='ltr'><em>Rufi,</em></span> <span class='ocrx_word' id='word_1_54' title='bbox 1468 567 1475 617; x_wconf 93' lang='grc' dir='ltr'>Ι</span> <span class='ocrx_word' id='word_1_55' title='bbox 1509 568 1550 609; x_wconf 88' lang='lat' dir='ltr'><em>C.</em></span> <span class='ocrx_word' id='word_1_56' title='bbox 1579 569 1755 622; x_wconf 84' lang='lat' dir='ltr'><em>Regilius</em></span> <span class='ocrx_word' id='word_1_57' title='bbox 1785 569 1826 611; x_wconf 89' lang='lat' dir='ltr'><em>C.</em></span> <span class='ocrx_word' id='word_1_58' title='bbox 1856 571 1883 611; x_wconf 80' lang='lat' dir='ltr'><em>f.</em></span> 
     </span>
    </p>
   </div>
   <div class='ocr_carea' id='block_1_6' title="bbox 182 632 1296 745">
    <p class='ocr_par' dir='ltr' id='par_1_6' title="bbox 182 632 1296 745">
     <span class='ocr_line' id='line_1_8' title="bbox 182 632 1160 686; baseline 0.002 -14"><span class='ocrx_word' id='word_1_59' title='bbox 182 633 282 674; x_wconf 89' lang='lat' dir='ltr'><em>Volt.</em></span> <span class='ocrx_word' id='word_1_60' title='bbox 315 634 472 674; x_wconf 77' lang='lat' dir='ltr'><strong>Priscus</strong></span> <span class='ocrx_word' id='word_1_61' title='bbox 498 632 505 686; x_wconf 89' lang='grc' dir='ltr'>Ι</span> <span class='ocrx_word' id='word_1_62' title='bbox 531 633 684 673; x_wconf 84' lang='lat' dir='ltr'>Vienna</span> <span class='ocrx_word' id='word_1_63' title='bbox 713 639 886 673; x_wconf 89' lang='lat' dir='ltr'><em>veteran.</em></span> <span class='ocrx_word' id='word_1_64' title='bbox 918 634 1005 674; x_wconf 91' lang='lat' dir='ltr'><em>coh.</em></span> <span class='ocrx_word' id='word_1_65' title='bbox 1037 634 1160 675; x_wconf 89' lang='lat' dir='ltr'><em>eiusd.</em></span> 
     </span>
     <span class='ocr_line' id='line_1_9' title="bbox 294 699 1296 745; baseline 0.003 -13"><span class='ocrx_word' id='word_1_66' title='bbox 294 699 512 742; x_wconf 75' lang='lat' dir='ltr'><em>Carthagine</em></span> <span class='ocrx_word' id='word_1_67' title='bbox 535 710 608 743; x_wconf 86' lang='lat' dir='ltr'><em>rep.</em></span> <span class='ocrx_word' id='word_1_68' title='bbox 634 700 743 740; x_wconf 87' lang='lat' dir='ltr'><strong>(VIII</strong></span> <span class='ocrx_word' id='word_1_69' title='bbox 762 700 849 733; x_wconf 71' lang='lat'><em>1024</em></span> <span class='ocrx_word' id='word_1_70' title='bbox 873 699 920 739; x_wconf 79' lang='lat' dir='ltr'><em>cf.</em></span> <span class='ocrx_word' id='word_1_71' title='bbox 949 700 1037 734; x_wconf 88' lang='lat' dir='ltr'><em>VIII</em></span> <span class='ocrx_word' id='word_1_72' title='bbox 1058 700 1095 736; x_wconf 91' lang='lat' dir='ltr'><em>S.</em></span> <span class='ocrx_word' id='word_1_73' title='bbox 1116 712 1153 743; x_wconf 86' lang='lat' dir='ltr'><em>p.</em></span> <span class='ocrx_word' id='word_1_74' title='bbox 1177 701 1296 745; x_wconf 76' lang='lat'><strong><em>4288).</em></strong></span> 
     </span>
    </p>
   </div>
   <div class='ocr_carea' id='block_1_7' title="bbox 289 789 1883 850">
    <p class='ocr_par' dir='ltr' id='par_1_7' title="bbox 289 789 1883 850">
     <span class='ocr_line' id='line_1_10' title="bbox 289 789 1883 850; baseline -0.001 -13"><span class='ocrx_word' id='word_1_75' title='bbox 289 789 406 837; x_wconf 72' lang='lat'>2122</span> <span class='ocrx_word' id='word_1_76' title='bbox 451 791 489 831; x_wconf 91' lang='lat' dir='ltr'><em>d.</em></span> <span class='ocrx_word' id='word_1_77' title='bbox 520 803 570 830; x_wconf 91' lang='lat' dir='ltr'><em>m.</em></span> <span class='ocrx_word' id='word_1_78' title='bbox 602 805 632 831; x_wconf 89' lang='lat' dir='ltr'><em>s.</em></span> <span class='ocrx_word' id='word_1_79' title='bbox 661 790 667 844; x_wconf 99' lang='grc' dir='ltr'>Ι</span> <span class='ocrx_word' id='word_1_80' title='bbox 693 792 836 831; x_wconf 90' lang='lat' dir='ltr'><em>honori</em></span> <span class='ocrx_word' id='word_1_81' title='bbox 867 798 906 832; x_wconf 89' lang='lat' dir='ltr'><em>et</em></span> <span class='ocrx_word' id='word_1_82' title='bbox 931 791 937 845; x_wconf 98' lang='grc' dir='ltr'>Ι</span> <span class='ocrx_word' id='word_1_83' title='bbox 964 793 1177 833; x_wconf 83' lang='lat' dir='ltr'>memoriae</span> <span class='ocrx_word' id='word_1_84' title='bbox 1203 791 1210 846; x_wconf 98' lang='grc' dir='ltr'>Ι</span> <span class='ocrx_word' id='word_1_85' title='bbox 1236 793 1372 846; x_wconf 82' lang='lat' dir='ltr'><em>Aperti</em></span> <span class='ocrx_word' id='word_1_86' title='bbox 1401 789 1701 847; x_wconf 69' lang='lat' dir='ltr'><em>Namlfamonis¹</em></span> <span class='ocrx_word' id='word_1_87' title='bbox 1736 791 1883 850; x_wconf 67' lang='lat' dir='ltr'><em>millitis</em></span> 
     </span>
    </p>
   </div>
   <div class='ocr_carea' id='block_1_8' title="bbox 183 858 464 910">
    <p class='ocr_par' dir='ltr' id='par_1_8' title="bbox 183 858 464 910">
     <span class='ocr_line' id='line_1_11' title="bbox 183 858 464 910; baseline -0.004 -11"><span class='ocrx_word' id='word_1_88' title='bbox 183 859 270 899; x_wconf 89' lang='lat' dir='ltr'><em>coh.</em></span> <span class='ocrx_word' id='word_1_89' title='bbox 298 861 304 910; x_wconf 92' lang='grc' dir='ltr'>Ι</span> <span class='ocrx_word' id='word_1_90' title='bbox 331 859 347 898; x_wconf 95' lang='grc' dir='ltr'>Ι</span> <span class='ocrx_word' id='word_1_91' title='bbox 376 858 464 899; x_wconf 86' lang='lat' dir='ltr'><em>urb.</em></span> 
     </span>
    </p>
   </div>
   <div class='ocr_carea' id='block_1_9' title="bbox 180 924 1883 1025">
    <p class='ocr_par' dir='ltr' id='par_1_9' title="bbox 180 924 1883 1025">
     <span class='ocr_line' id='line_1_12' title="bbox 292 924 1883 1006; baseline 0.002 -47"><span class='ocrx_word' id='word_1_92' title='bbox 292 926 336 959; x_wconf 87' lang='lat' dir='ltr'><em>In</em></span> <span class='ocrx_word' id='word_1_93' title='bbox 370 926 562 959; x_wconf 74' lang='lat' dir='ltr'><em>ruderibus</em></span> <span class='ocrx_word' id='word_1_94' title='bbox 595 927 786 968; x_wconf 79' lang='lat' dir='ltr'><em>municipii</em></span> <span class='ocrx_word' id='word_1_95' title='bbox 816 924 931 965; x_wconf 77' lang='lat' dir='ltr'><em>Sataf&#39;</em></span> <span class='ocrx_word' id='word_1_96' title='bbox 954 927 993 959; x_wconf 84' lang='lat' dir='ltr'><em>in</em></span> <span class='ocrx_word' id='word_1_97' title='bbox 1024 926 1253 959; x_wconf 78' lang='lat' dir='ltr'><em>Mauretania</em></span> <span class='ocrx_word' id='word_1_98' title='bbox 1287 926 1396 969; x_wconf 89' lang='lat' dir='ltr'><strong>(VIII</strong></span> <span class='ocrx_word' id='word_1_99' title='bbox 1421 927 1512 961; x_wconf 77' lang='lat'><em>8395</em></span> <span class='ocrx_word' id='word_1_100' title='bbox 1551 927 1601 961; x_wconf 82' lang='lat' dir='ltr'><em>ad</em></span> <span class='ocrx_word' id='word_1_101' title='bbox 1634 929 1883 1006; x_wconf 76' lang='lat' dir='ltr'><em>apographum</em></span> 
     </span>
     <span class='ocr_line' id='line_1_13' title="bbox 180 981 1134 1025; baseline -0.002 -9"><span class='ocrx_word' id='word_1_102' title='bbox 180 982 340 1025; x_wconf 83' lang='lat' dir='ltr'><em>Poullii).</em></span> <span class='ocrx_word' id='word_1_103' title='bbox 366 1002 407 1006; x_wconf 97' lang='lat'><strong>—</strong></span> <span class='ocrx_word' id='word_1_104' title='bbox 436 984 467 1025; x_wconf 87' lang='lat'><em>1)</em></span> <span class='ocrx_word' id='word_1_105' title='bbox 495 981 548 1022; x_wconf 78' lang='lat' dir='ltr'><em>Gt:</em></span> <span class='ocrx_word' id='word_1_106' title='bbox 571 981 662 1025; x_wconf 86' lang='lat' dir='ltr'><em>Eph.</em></span> <span class='ocrx_word' id='word_1_107' title='bbox 687 992 738 1024; x_wconf 85' lang='lat' dir='ltr'><em>ep.</em></span> <span class='ocrx_word' id='word_1_108' title='bbox 763 982 793 1024; x_wconf 93' lang='lat'><em>7,</em></span> <span class='ocrx_word' id='word_1_109' title='bbox 817 982 908 1016; x_wconf 76' lang='lat'><em>4220</em></span> <span class='ocrx_word' id='word_1_110' title='bbox 932 992 1011 1015; x_wconf 85' lang='lat' dir='ltr'><em>cum</em></span> <span class='ocrx_word' id='word_1_111' title='bbox 1036 984 1134 1016; x_wconf 85' lang='lat' dir='ltr'><em>nota.</em></span> 
     </span>
    </p>
   </div>
   <div class='ocr_carea' id='block_1_10' title="bbox 294 1071 1883 1130">
    <p class='ocr_par' dir='ltr' id='par_1_10' title="bbox 294 1071 1883 1130">
     <span class='ocr_line' id='line_1_14' title="bbox 294 1071 1883 1130; baseline 0.002 -17"><span class='ocrx_word' id='word_1_112' title='bbox 294 1071 409 1119; x_wconf 81' lang='grc'><strong>2123</strong></span> <span class='ocrx_word' id='word_1_113' title='bbox 452 1074 511 1114; x_wconf 91' lang='lat' dir='ltr'><em>dis</em></span> <span class='ocrx_word' id='word_1_114' title='bbox 530 1086 634 1113; x_wconf 87' lang='lat' dir='ltr'><em>man.</em></span> <span class='ocrx_word' id='word_1_115' title='bbox 656 1085 732 1114; x_wconf 90' lang='lat' dir='ltr'><em>sac.</em></span> <span class='ocrx_word' id='word_1_116' title='bbox 760 1071 767 1126; x_wconf 99' lang='grc' dir='ltr'>Ι</span> <span class='ocrx_word' id='word_1_117' title='bbox 795 1072 835 1112; x_wconf 89' lang='lat' dir='ltr'><em>C.</em></span> <span class='ocrx_word' id='word_1_118' title='bbox 858 1073 1031 1114; x_wconf 87' lang='lat' dir='ltr'><em>Tanusio</em></span> <span class='ocrx_word' id='word_1_119' title='bbox 1052 1073 1193 1127; x_wconf 90' lang='lat' dir='ltr'><em>Luppo</em></span> <span class='ocrx_word' id='word_1_120' title='bbox 1219 1071 1226 1128; x_wconf 99' lang='grc' dir='ltr'>Ι</span> <span class='ocrx_word' id='word_1_121' title='bbox 1251 1073 1364 1114; x_wconf 88' lang='lat' dir='ltr'><em>militi</em></span> <span class='ocrx_word' id='word_1_122' title='bbox 1384 1074 1559 1114; x_wconf 85' lang='lat' dir='ltr'><em>cohortis</em></span> <span class='ocrx_word' id='word_1_123' title='bbox 1590 1073 1681 1115; x_wconf 86' lang='lat' dir='ltr'><em>XIII</em></span> <span class='ocrx_word' id='word_1_124' title='bbox 1703 1072 1710 1130; x_wconf 97' lang='grc' dir='ltr'>Ι</span> <span class='ocrx_word' id='word_1_125' title='bbox 1730 1075 1883 1116; x_wconf 86' lang='lat' dir='ltr'><em>urbane</em></span> 
     </span>
    </p>
   </div>
   <div class='ocr_carea' id='block_1_11' title="bbox 180 1140 1844 1251">
    <p class='ocr_par' dir='ltr' id='par_1_11' title="bbox 180 1140 1844 1251">
     <span class='ocr_line' id='line_1_15' title="bbox 180 1141 530 1182; baseline -0.006 0"><span class='ocrx_word' id='word_1_126' title='bbox 180 1141 358 1182; x_wconf 87' lang='lat' dir='ltr'><em>stationis</em></span> <span class='ocrx_word' id='word_1_127' title='bbox 417 1141 434 1180; x_wconf 91' lang='grc' dir='ltr'><strong>Ι</strong></span> <span class='ocrx_word' id='word_1_128' title='bbox 455 1170 464 1180; x_wconf 92' lang='grc'><strong><em>.</em></strong></span> <span class='ocrx_word' id='word_1_129' title='bbox 488 1171 497 1180; x_wconf 91' lang='grc'><strong><em>.</em></strong></span> <span class='ocrx_word' id='word_1_130' title='bbox 521 1170 530 1180; x_wconf 94' lang='grc'><strong><em>.</em></strong></span> 
     </span>
     <span class='ocr_line' id='line_1_16' title="bbox 290 1140 1844 1251; baseline 0.001 -11"><span class='ocrx_word' id='word_1_131' title='bbox 290 1140 403 1250; x_wconf 74' lang='grc' dir='ltr'><em>ΡιὊΡΙε</em></span> <span class='ocrx_word' id='word_1_132' title='bbox 427 1207 646 1240; x_wconf 76' lang='lat' dir='ltr'><em>Sullecthum</em></span> <span class='ocrx_word' id='word_1_133' title='bbox 671 1206 840 1249; x_wconf 83' lang='lat' dir='ltr'><em>oppidum</em></span> <span class='ocrx_word' id='word_1_134' title='bbox 862 1206 1016 1250; x_wconf 77' lang='lat' dir='ltr'><em>Byzaeii</em></span> <span class='ocrx_word' id='word_1_135' title='bbox 1040 1206 1150 1250; x_wconf 88' lang='lat' dir='ltr'><strong>(VIII</strong></span> <span class='ocrx_word' id='word_1_136' title='bbox 1170 1206 1205 1242; x_wconf 90' lang='lat' dir='ltr'><em>S.</em></span> <span class='ocrx_word' id='word_1_137' title='bbox 1229 1206 1334 1241; x_wconf 73' lang='lat'><strong><em>41107</em></strong></span> <span class='ocrx_word' id='word_1_138' title='bbox 1357 1207 1468 1241; x_wconf 83' lang='lat' dir='ltr'><em>deser.</em></span> <span class='ocrx_word' id='word_1_139' title='bbox 1494 1207 1537 1240; x_wconf 86' lang='lat' dir='ltr'><em>de</em></span> <span class='ocrx_word' id='word_1_140' title='bbox 1561 1204 1599 1240; x_wconf 75' lang='lat' dir='ltr'><em>la&#39;</em></span> <span class='ocrx_word' id='word_1_141' title='bbox 1619 1206 1844 1251; x_wconf 62' lang='lat' dir='ltr'><em>manendo-0).</em></span> 
     </span>
    </p>
   </div>
   <div class='ocr_carea' id='block_1_12' title="bbox 179 1295 1882 1486">
    <p class='ocr_par' dir='ltr' id='par_1_12' title="bbox 179 1295 1882 1486">
     <span class='ocr_line' id='line_1_17' title="bbox 291 1295 1880 1352; baseline -0.001 -9"><span class='ocrx_word' id='word_1_142' title='bbox 291 1295 407 1343; x_wconf 71' lang='lat'>2124</span> <span class='ocrx_word' id='word_1_143' title='bbox 451 1298 488 1336; x_wconf 89' lang='lat' dir='ltr'><em>d.</em></span> <span class='ocrx_word' id='word_1_144' title='bbox 519 1310 570 1337; x_wconf 86' lang='lat' dir='ltr'><em>m.</em></span> <span class='ocrx_word' id='word_1_145' title='bbox 599 1295 606 1351; x_wconf 97' lang='grc' dir='ltr'>Ι</span> <span class='ocrx_word' id='word_1_146' title='bbox 631 1304 670 1338; x_wconf 90' lang='lat' dir='ltr'><em>et</em></span> <span class='ocrx_word' id='word_1_147' title='bbox 690 1298 901 1337; x_wconf 87' lang='lat' dir='ltr'><em>memoriae</em></span> <span class='ocrx_word' id='word_1_148' title='bbox 927 1298 933 1352; x_wconf 97' lang='grc' dir='ltr'>Ι</span> <span class='ocrx_word' id='word_1_149' title='bbox 960 1298 1037 1337; x_wconf 90' lang='lat' dir='ltr'><em>Titi</em></span> <span class='ocrx_word' id='word_1_150' title='bbox 1067 1298 1139 1338; x_wconf 93' lang='lat' dir='ltr'><em>Iuli</em></span> <span class='ocrx_word' id='word_1_151' title='bbox 1161 1298 1290 1338; x_wconf 89' lang='lat' dir='ltr'>Virilis</span> <span class='ocrx_word' id='word_1_152' title='bbox 1318 1304 1394 1338; x_wconf 81' lang='lat' dir='ltr'><em>vet.</em></span> <span class='ocrx_word' id='word_1_153' title='bbox 1422 1297 1428 1351; x_wconf 99' lang='grc' dir='ltr'>Ι</span> <span class='ocrx_word' id='word_1_154' title='bbox 1454 1310 1536 1338; x_wconf 86' lang='lat' dir='ltr'><em>cor.</em></span> <span class='ocrx_word' id='word_1_155' title='bbox 1567 1297 1657 1338; x_wconf 87' lang='lat' dir='ltr'><strong>XIII</strong></span> <span class='ocrx_word' id='word_1_156' title='bbox 1685 1299 1850 1349; x_wconf 89' lang='lat' dir='ltr'><em>urbana,</em></span> <span class='ocrx_word' id='word_1_157' title='bbox 1872 1296 1880 1351; x_wconf 95' lang='grc' dir='ltr'>Ι</span> 
     </span>
     <span class='ocr_line' id='line_1_18' title="bbox 179 1363 1882 1422; baseline 0.001 -17"><span class='ocrx_word' id='word_1_158' title='bbox 179 1366 267 1406; x_wconf 87' lang='lat' dir='ltr'><em>misi</em></span> <span class='ocrx_word' id='word_1_159' title='bbox 298 1375 381 1419; x_wconf 69' lang='lat' dir='ltr'><em>(sic)</em></span> <span class='ocrx_word' id='word_1_160' title='bbox 409 1366 575 1405; x_wconf 82' lang='lat' dir='ltr'><em>honesta</em></span> <span class='ocrx_word' id='word_1_161' title='bbox 596 1365 716 1413; x_wconf 70' lang='lat' dir='ltr'><em>miss,</em></span> <span class='ocrx_word' id='word_1_162' title='bbox 743 1363 750 1419; x_wconf 96' lang='grc' dir='ltr'>Ι</span> <span class='ocrx_word' id='word_1_163' title='bbox 777 1365 888 1405; x_wconf 87' lang='lat' dir='ltr'><em>Titus</em></span> <span class='ocrx_word' id='word_1_164' title='bbox 917 1365 1039 1406; x_wconf 90' lang='lat' dir='ltr'><em>Iulius</em></span> <span class='ocrx_word' id='word_1_165' title='bbox 1064 1367 1070 1421; x_wconf 97' lang='grc' dir='ltr'>Ι</span> <span class='ocrx_word' id='word_1_166' title='bbox 1101 1366 1266 1406; x_wconf 88' lang='lat' dir='ltr'><em>Verinus</em></span> <span class='ocrx_word' id='word_1_167' title='bbox 1295 1366 1396 1418; x_wconf 88' lang='lat' dir='ltr'><em>patri</em></span> <span class='ocrx_word' id='word_1_168' title='bbox 1422 1363 1430 1421; x_wconf 99' lang='grc' dir='ltr'>Ι</span> <span class='ocrx_word' id='word_1_169' title='bbox 1456 1365 1657 1407; x_wconf 86' lang='lat' dir='ltr'><em>carissimo</em></span> <span class='ocrx_word' id='word_1_170' title='bbox 1687 1371 1726 1406; x_wconf 90' lang='lat' dir='ltr'><em>et</em></span> <span class='ocrx_word' id='word_1_171' title='bbox 1754 1363 1882 1422; x_wconf 62' lang='lat' dir='ltr'><em>pilen-</em></span> 
     </span>
     <span class='ocr_line' id='line_1_19' title="bbox 180 1431 1650 1486; baseline -0.002 -12"><span class='ocrx_word' id='word_1_172' title='bbox 180 1434 317 1474; x_wconf 83' lang='lat' dir='ltr'><em>tissim.</em></span> <span class='ocrx_word' id='word_1_173' title='bbox 350 1439 388 1472; x_wconf 86' lang='lat' dir='ltr'><em>et</em></span> <span class='ocrx_word' id='word_1_174' title='bbox 417 1433 515 1472; x_wconf 87' lang='lat' dir='ltr'><em>Titia</em></span> <span class='ocrx_word' id='word_1_175' title='bbox 542 1431 548 1486; x_wconf 98' lang='grc' dir='ltr'>Ι</span> <span class='ocrx_word' id='word_1_176' title='bbox 577 1432 706 1472; x_wconf 86' lang='lat' dir='ltr'><em>Hilara</em></span> <span class='ocrx_word' id='word_1_177' title='bbox 737 1445 772 1484; x_wconf 89' lang='lat' dir='ltr'><em>p.</em></span> <span class='ocrx_word' id='word_1_178' title='bbox 807 1433 857 1472; x_wconf 88' lang='lat' dir='ltr'><em>c.¹</em></span> <span class='ocrx_word' id='word_1_179' title='bbox 889 1439 929 1472; x_wconf 87' lang='lat' dir='ltr'><em>et</em></span> <span class='ocrx_word' id='word_1_180' title='bbox 957 1433 1031 1473; x_wconf 91' lang='lat' dir='ltr'><em>sub</em></span> <span class='ocrx_word' id='word_1_181' title='bbox 1057 1433 1063 1486; x_wconf 99' lang='grc' dir='ltr'>Ι</span> <span class='ocrx_word' id='word_1_182' title='bbox 1090 1445 1167 1473; x_wconf 89' lang='lat' dir='ltr'><em>asc.</em></span> <span class='ocrx_word' id='word_1_183' title='bbox 1198 1433 1478 1473; x_wconf 83' lang='lat' dir='ltr'><em>dedicaverunt</em></span> <span class='ocrx_word' id='word_1_184' title='bbox 1507 1439 1650 1479; x_wconf 75' lang='lat' dir='ltr'><em>(ascia).</em></span> 
     </span>
    </p>
   </div>
   <div class='ocr_carea' id='block_1_13' title="bbox 178 1499 1882 1589">
    <p class='ocr_par' dir='ltr' id='par_1_13' title="bbox 178 1499 1882 1589">
     <span class='ocr_line' id='line_1_20' title="bbox 293 1499 1882 1543; baseline 0.001 -10"><span class='ocrx_word' id='word_1_185' title='bbox 293 1499 464 1542; x_wconf 82' lang='lat' dir='ltr'><em>Lugduni</em></span> <span class='ocrx_word' id='word_1_186' title='bbox 488 1499 642 1542; x_wconf 84' lang='lat' dir='ltr'><em>(Allmer</em></span> <span class='ocrx_word' id='word_1_187' title='bbox 665 1502 699 1531; x_wconf 84' lang='lat' dir='ltr'><em>et</em></span> <span class='ocrx_word' id='word_1_188' title='bbox 714 1499 869 1532; x_wconf 83' lang='lat' dir='ltr'><em>Dissard</em></span> <span class='ocrx_word' id='word_1_189' title='bbox 891 1501 999 1533; x_wconf 82' lang='lat' dir='ltr'><em>inser.</em></span> <span class='ocrx_word' id='word_1_190' title='bbox 1025 1500 1067 1532; x_wconf 87' lang='lat' dir='ltr'><em>de</em></span> <span class='ocrx_word' id='word_1_191' title='bbox 1086 1499 1191 1543; x_wconf 75' lang='lat' dir='ltr'><em>Lyon</em></span> <span class='ocrx_word' id='word_1_192' title='bbox 1214 1500 1235 1533; x_wconf 91' lang='grc' dir='ltr'>Ι</span> <span class='ocrx_word' id='word_1_193' title='bbox 1250 1510 1289 1542; x_wconf 85' lang='lat' dir='ltr'><em>p.</em></span> <span class='ocrx_word' id='word_1_194' title='bbox 1305 1499 1398 1543; x_wconf 66' lang='lat'><strong><em>442).</em></strong></span> <span class='ocrx_word' id='word_1_195' title='bbox 1422 1518 1467 1524; x_wconf 95' lang='lat'><em>——</em></span> <span class='ocrx_word' id='word_1_196' title='bbox 1492 1501 1526 1543; x_wconf 87' lang='lat'><em>1)</em></span> <span class='ocrx_word' id='word_1_197' title='bbox 1549 1500 1754 1534; x_wconf 77' lang='lat' dir='ltr'><em>Ponendum</em></span> <span class='ocrx_word' id='word_1_198' title='bbox 1776 1510 1882 1534; x_wconf 78' lang='lat' dir='ltr'><em>eura-</em></span> 
     </span>
     <span class='ocr_line' id='line_1_21' title="bbox 178 1560 1737 1589; baseline 0.01 -1"><span class='ocrx_word' id='word_1_199' title='bbox 178 1560 315 1589; x_wconf 85' lang='lat' dir='ltr'><em>verunt.</em></span> <span class='ocrx_word' id='word_1_200' title='bbox 1733 1580 1737 1583; x_wconf 60' lang='lat'><strong>⁴</strong></span> 
     </span>
    </p>
   </div>
   <div class='ocr_carea' id='block_1_14' title="bbox 289 1643 1882 1701">
    <p class='ocr_par' dir='ltr' id='par_1_14' title="bbox 289 1643 1882 1701">
     <span class='ocr_line' id='line_1_22' title="bbox 289 1643 1882 1701; baseline 0.002 -16"><span class='ocrx_word' id='word_1_201' title='bbox 289 1643 403 1690; x_wconf 84' lang='grc'><em>2125</em></span> <span class='ocrx_word' id='word_1_202' title='bbox 449 1647 485 1685; x_wconf 90' lang='lat' dir='ltr'><em>d.</em></span> <span class='ocrx_word' id='word_1_203' title='bbox 518 1658 569 1685; x_wconf 94' lang='lat' dir='ltr'><em>m.</em></span> <span class='ocrx_word' id='word_1_204' title='bbox 598 1644 605 1699; x_wconf 99' lang='grc' dir='ltr'>Ι</span> <span class='ocrx_word' id='word_1_205' title='bbox 632 1646 720 1685; x_wconf 86' lang='lat' dir='ltr'>Sex.</span> <span class='ocrx_word' id='word_1_206' title='bbox 752 1645 931 1686; x_wconf 90' lang='lat' dir='ltr'><em>Cossutio</em></span> <span class='ocrx_word' id='word_1_207' title='bbox 959 1647 965 1696; x_wconf 93' lang='grc' dir='ltr'>Ι</span> <span class='ocrx_word' id='word_1_208' title='bbox 993 1646 1081 1686; x_wconf 87' lang='lat' dir='ltr'><em>Sex.</em></span> <span class='ocrx_word' id='word_1_209' title='bbox 1123 1646 1175 1686; x_wconf 90' lang='lat' dir='ltr'><em>fil.</em></span> <span class='ocrx_word' id='word_1_210' title='bbox 1208 1646 1362 1693; x_wconf 87' lang='lat' dir='ltr'><em>Quirin.</em></span> <span class='ocrx_word' id='word_1_211' title='bbox 1389 1645 1395 1701; x_wconf 99' lang='grc' dir='ltr'>Ι</span> <span class='ocrx_word' id='word_1_212' title='bbox 1423 1646 1556 1686; x_wconf 91' lang='lat' dir='ltr'><em>Primo</em></span> <span class='ocrx_word' id='word_1_213' title='bbox 1595 1648 1759 1688; x_wconf 85' lang='lat' dir='ltr'><em>emerito</em></span> <span class='ocrx_word' id='word_1_214' title='bbox 1793 1646 1800 1701; x_wconf 97' lang='grc' dir='ltr'>Ι</span> <span class='ocrx_word' id='word_1_215' title='bbox 1833 1661 1882 1688; x_wconf 87' lang='lat' dir='ltr'><em>ex</em></span> 
     </span>
    </p>
   </div>
   <div class='ocr_carea' id='block_1_15' title="bbox 180 1712 1879 1825">
    <p class='ocr_par' dir='ltr' id='par_1_15' title="bbox 180 1712 1879 1825">
     <span class='ocr_line' id='line_1_23' title="bbox 180 1712 1879 1770; baseline 0.002 -17"><span class='ocrx_word' id='word_1_216' title='bbox 180 1714 268 1753; x_wconf 90' lang='lat' dir='ltr'><em>coh.</em></span> <span class='ocrx_word' id='word_1_217' title='bbox 299 1713 388 1753; x_wconf 89' lang='lat' dir='ltr'><strong>XIII</strong></span> <span class='ocrx_word' id='word_1_218' title='bbox 418 1713 528 1763; x_wconf 60' lang='lat' dir='ltr'><em>urb„</em></span> <span class='ocrx_word' id='word_1_219' title='bbox 556 1712 562 1767; x_wconf 99' lang='grc' dir='ltr'>Ι</span> <span class='ocrx_word' id='word_1_220' title='bbox 589 1713 633 1753; x_wconf 94' lang='grc' dir='ltr'><em>Τ.</em></span> <span class='ocrx_word' id='word_1_221' title='bbox 665 1713 784 1754; x_wconf 87' lang='lat' dir='ltr'>Silius</span> <span class='ocrx_word' id='word_1_222' title='bbox 813 1714 966 1767; x_wconf 86' lang='lat' dir='ltr'>Hospes</span> <span class='ocrx_word' id='word_1_223' title='bbox 993 1713 998 1767; x_wconf 98' lang='grc' dir='ltr'>Ι</span> <span class='ocrx_word' id='word_1_224' title='bbox 1025 1714 1190 1766; x_wconf 82' lang='lat' dir='ltr'><em>signifer</em></span> <span class='ocrx_word' id='word_1_225' title='bbox 1226 1714 1312 1754; x_wconf 89' lang='lat' dir='ltr'><em>coh.</em></span> <span class='ocrx_word' id='word_1_226' title='bbox 1340 1712 1347 1768; x_wconf 97' lang='grc' dir='ltr'>Ι</span> <span class='ocrx_word' id='word_1_227' title='bbox 1382 1714 1505 1755; x_wconf 84' lang='lat' dir='ltr'><em>eiusd.</em></span> <span class='ocrx_word' id='word_1_228' title='bbox 1536 1714 1662 1755; x_wconf 87' lang='lat' dir='ltr'><em>amico</em></span> <span class='ocrx_word' id='word_1_229' title='bbox 1695 1713 1704 1770; x_wconf 95' lang='grc' dir='ltr'>Ι</span> <span class='ocrx_word' id='word_1_230' title='bbox 1735 1715 1879 1768; x_wconf 84' lang='lat' dir='ltr'><em>posuit.</em></span> 
     </span>
     <span class='ocr_line' id='line_1_24' title="bbox 293 1779 1428 1825; baseline 0.003 -13"><span class='ocrx_word' id='word_1_231' title='bbox 293 1780 467 1823; x_wconf 82' lang='lat' dir='ltr'><em>Lugduni</em></span> <span class='ocrx_word' id='word_1_232' title='bbox 491 1779 645 1823; x_wconf 78' lang='lat' dir='ltr'><em>(Alimer</em></span> <span class='ocrx_word' id='word_1_233' title='bbox 669 1783 704 1813; x_wconf 90' lang='lat' dir='ltr'><em>et</em></span> <span class='ocrx_word' id='word_1_234' title='bbox 725 1780 882 1814; x_wconf 84' lang='lat' dir='ltr'><em>Dissard</em></span> <span class='ocrx_word' id='word_1_235' title='bbox 903 1780 1020 1813; x_wconf 71' lang='lat' dir='ltr'><em>musee</em></span> <span class='ocrx_word' id='word_1_236' title='bbox 1044 1781 1086 1813; x_wconf 87' lang='lat' dir='ltr'><em>de</em></span> <span class='ocrx_word' id='word_1_237' title='bbox 1108 1780 1212 1824; x_wconf 82' lang='lat' dir='ltr'><em>Lyon</em></span> <span class='ocrx_word' id='word_1_238' title='bbox 1236 1781 1257 1813; x_wconf 93' lang='lat' dir='ltr'><strong>I</strong></span> <span class='ocrx_word' id='word_1_239' title='bbox 1274 1791 1310 1823; x_wconf 88' lang='lat' dir='ltr'><em>p.</em></span> <span class='ocrx_word' id='word_1_240' title='bbox 1332 1781 1428 1825; x_wconf 82' lang='grc'><strong><em>456).</em></strong></span> 
     </span>
    </p>
   </div>
   <div class='ocr_carea' id='block_1_16' title="bbox 183 1881 1881 2005">
    <p class='ocr_par' dir='ltr' id='par_1_16' title="bbox 183 1881 1881 2005">
     <span class='ocr_line' id='line_1_25' title="bbox 290 1881 1880 1937; baseline -0.003 -9"><span class='ocrx_word' id='word_1_241' title='bbox 290 1881 406 1928; x_wconf 77' lang='grc'><em>2126</em></span> <span class='ocrx_word' id='word_1_242' title='bbox 450 1883 486 1922; x_wconf 91' lang='lat' dir='ltr'><em>d.</em></span> <span class='ocrx_word' id='word_1_243' title='bbox 517 1895 568 1922; x_wconf 92' lang='lat' dir='ltr'><em>m.</em></span> <span class='ocrx_word' id='word_1_244' title='bbox 596 1882 602 1936; x_wconf 99' lang='grc' dir='ltr'>Ι</span> <span class='ocrx_word' id='word_1_245' title='bbox 629 1883 680 1922; x_wconf 93' lang='grc' dir='ltr'><em>Μ.</em></span> <span class='ocrx_word' id='word_1_246' title='bbox 711 1883 858 1935; x_wconf 88' lang='lat' dir='ltr'>Aquini</span> <span class='ocrx_word' id='word_1_247' title='bbox 889 1883 1022 1923; x_wconf 91' lang='lat' dir='ltr'><em>Verini</em></span> <span class='ocrx_word' id='word_1_248' title='bbox 1055 1882 1062 1936; x_wconf 94' lang='grc' dir='ltr'>Ι</span> <span class='ocrx_word' id='word_1_249' title='bbox 1097 1883 1269 1935; x_wconf 86' lang='lat' dir='ltr'><em>optionis</em></span> <span class='ocrx_word' id='word_1_250' title='bbox 1309 1882 1495 1937; x_wconf 63' lang='lat' dir='ltr'><em>karcelris</em></span> <span class='ocrx_word' id='word_1_251' title='bbox 1530 1896 1578 1924; x_wconf 87' lang='lat' dir='ltr'><em>ex</em></span> <span class='ocrx_word' id='word_1_252' title='bbox 1607 1883 1761 1924; x_wconf 85' lang='lat' dir='ltr'><em>cohort.</em></span> <span class='ocrx_word' id='word_1_253' title='bbox 1790 1883 1880 1924; x_wconf 85' lang='lat' dir='ltr'><em>xm</em></span> 
     </span>
     <span class='ocr_line' id='line_1_26' title="bbox 183 1947 1881 2005; baseline 0.001 -15"><span class='ocrx_word' id='word_1_254' title='bbox 183 1950 188 2005; x_wconf 99' lang='grc' dir='ltr'>Ι</span> <span class='ocrx_word' id='word_1_255' title='bbox 220 1950 377 1998; x_wconf 88' lang='lat' dir='ltr'><em>urban.‚</em></span> <span class='ocrx_word' id='word_1_256' title='bbox 409 1948 626 2004; x_wconf 66' lang='lat' dir='ltr'><em>Bononilus</em></span> <span class='ocrx_word' id='word_1_257' title='bbox 657 1951 835 1990; x_wconf 90' lang='lat' dir='ltr'><em>Gordus¹</em></span> <span class='ocrx_word' id='word_1_258' title='bbox 866 1947 1053 2001; x_wconf 82' lang='lat' dir='ltr'><em>medilcus</em></span> <span class='ocrx_word' id='word_1_259' title='bbox 1083 1951 1292 1991; x_wconf 84' lang='lat' dir='ltr'><em>castrensis</em></span> <span class='ocrx_word' id='word_1_260' title='bbox 1318 1948 1324 2004; x_wconf 99' lang='grc' dir='ltr'>Ι</span> <span class='ocrx_word' id='word_1_261' title='bbox 1352 1957 1389 1990; x_wconf 89' lang='lat' dir='ltr'><em>et</em></span> <span class='ocrx_word' id='word_1_262' title='bbox 1418 1951 1469 1990; x_wconf 91' lang='grc' dir='ltr'><em>Μ.</em></span> <span class='ocrx_word' id='word_1_263' title='bbox 1501 1951 1642 1992; x_wconf 82' lang='lat' dir='ltr'><em>Accius</em></span> <span class='ocrx_word' id='word_1_264' title='bbox 1670 1948 1881 2005; x_wconf 68' lang='lat' dir='ltr'><em>Modesltus</em></span> 
     </span>
    </p>
   </div>
   <div class='ocr_carea' id='block_1_17' title="bbox 179 2015 1817 2128">
    <p class='ocr_par' dir='ltr' id='par_1_17' title="bbox 179 2015 1817 2128">
     <span class='ocr_line' id='line_1_27' title="bbox 179 2015 1292 2071; baseline -0.001 -13"><span class='ocrx_word' id='word_1_265' title='bbox 179 2024 218 2058; x_wconf 84' lang='lat' dir='ltr'><em>et</em></span> <span class='ocrx_word' id='word_1_266' title='bbox 246 2018 368 2058; x_wconf 89' lang='lat' dir='ltr'><em>Iulius</em></span> <span class='ocrx_word' id='word_1_267' title='bbox 398 2015 613 2071; x_wconf 69' lang='lat' dir='ltr'><em>Materlnus</em></span> <span class='ocrx_word' id='word_1_268' title='bbox 643 2015 786 2057; x_wconf 81' lang='lat' dir='ltr'><em>milites</em></span> <span class='ocrx_word' id='word_1_269' title='bbox 816 2017 949 2057; x_wconf 89' lang='lat' dir='ltr'><em>hered.</em></span> <span class='ocrx_word' id='word_1_270' title='bbox 978 2015 983 2070; x_wconf 99' lang='grc' dir='ltr'>Ι</span> <span class='ocrx_word' id='word_1_271' title='bbox 1011 2018 1177 2057; x_wconf 87' lang='lat' dir='ltr'><em>faciend.</em></span> <span class='ocrx_word' id='word_1_272' title='bbox 1209 2030 1292 2058; x_wconf 91' lang='lat' dir='ltr'><em>cur.</em></span> 
     </span>
     <span class='ocr_line' id='line_1_28' title="bbox 293 2082 1817 2128; baseline 0.001 -12"><span class='ocrx_word' id='word_1_273' title='bbox 293 2084 465 2126; x_wconf 84' lang='lat' dir='ltr'><em>Lugduni</em></span> <span class='ocrx_word' id='word_1_274' title='bbox 490 2083 643 2126; x_wconf 84' lang='lat' dir='ltr'><em>(Allmer</em></span> <span class='ocrx_word' id='word_1_275' title='bbox 666 2087 701 2116; x_wconf 86' lang='lat' dir='ltr'><em>et</em></span> <span class='ocrx_word' id='word_1_276' title='bbox 723 2084 877 2116; x_wconf 73' lang='lat' dir='ltr'><em>Dis-sard</em></span> <span class='ocrx_word' id='word_1_277' title='bbox 898 2082 1016 2116; x_wconf 68' lang='lat' dir='ltr'><em>musee</em></span> <span class='ocrx_word' id='word_1_278' title='bbox 1040 2084 1082 2116; x_wconf 87' lang='lat' dir='ltr'><em>de</em></span> <span class='ocrx_word' id='word_1_279' title='bbox 1105 2084 1208 2127; x_wconf 72' lang='lat' dir='ltr'><em>Lyon</em></span> <span class='ocrx_word' id='word_1_280' title='bbox 1233 2085 1251 2117; x_wconf 92' lang='lat'><em>1</em></span> <span class='ocrx_word' id='word_1_281' title='bbox 1270 2096 1306 2127; x_wconf 88' lang='lat' dir='ltr'><em>p.</em></span> <span class='ocrx_word' id='word_1_282' title='bbox 1330 2084 1425 2128; x_wconf 86' lang='grc'><strong><em>457).</em></strong></span> <span class='ocrx_word' id='word_1_283' title='bbox 1450 2102 1494 2110; x_wconf 91' lang='lat'>-</span> <span class='ocrx_word' id='word_1_284' title='bbox 1519 2086 1553 2126; x_wconf 90' lang='lat'><em>1)</em></span> <span class='ocrx_word' id='word_1_285' title='bbox 1577 2083 1654 2118; x_wconf 76' lang='lat' dir='ltr'><em>Ser.</em></span> <span class='ocrx_word' id='word_1_286' title='bbox 1677 2083 1817 2118; x_wconf 83' lang='lat' dir='ltr'><em>Gordus.</em></span> 
     </span>
    </p>
   </div>
   <div class='ocr_carea' id='block_1_18' title="bbox 176 2185 1880 2443">
    <p class='ocr_par' dir='ltr' id='par_1_18' title="bbox 176 2185 1880 2443">
     <span class='ocr_line' id='line_1_29' title="bbox 288 2185 1880 2241; baseline -0.002 -11"><span class='ocrx_word' id='word_1_287' title='bbox 288 2185 403 2232; x_wconf 75' lang='lat'><strong>2127</strong></span> <span class='ocrx_word' id='word_1_288' title='bbox 448 2187 506 2227; x_wconf 90' lang='lat' dir='ltr'><em>dis</em></span> <span class='ocrx_word' id='word_1_289' title='bbox 535 2187 718 2227; x_wconf 90' lang='lat' dir='ltr'><em>manibus</em></span> <span class='ocrx_word' id='word_1_290' title='bbox 756 2199 854 2227; x_wconf 90' lang='lat' dir='ltr'><em>sacr.</em></span> <span class='ocrx_word' id='word_1_291' title='bbox 882 2185 889 2239; x_wconf 97' lang='grc' dir='ltr'>Ι</span> <span class='ocrx_word' id='word_1_292' title='bbox 916 2187 962 2233; x_wconf 89' lang='lat' dir='ltr'><em>Q.</em></span> <span class='ocrx_word' id='word_1_293' title='bbox 993 2186 1188 2227; x_wconf 89' lang='lat' dir='ltr'><em>Vilanius¹</em></span> <span class='ocrx_word' id='word_1_294' title='bbox 1216 2186 1222 2241; x_wconf 97' lang='grc' dir='ltr'>Ι</span> <span class='ocrx_word' id='word_1_295' title='bbox 1249 2187 1296 2234; x_wconf 89' lang='lat' dir='ltr'><em>Q.</em></span> <span class='ocrx_word' id='word_1_296' title='bbox 1328 2188 1354 2226; x_wconf 87' lang='lat' dir='ltr'><em>f.</em></span> <span class='ocrx_word' id='word_1_297' title='bbox 1386 2187 1469 2226; x_wconf 91' lang='lat' dir='ltr'><em>Vol.</em></span> <span class='ocrx_word' id='word_1_298' title='bbox 1499 2187 1631 2240; x_wconf 86' lang='lat' dir='ltr'><em>Nepos</em></span> <span class='ocrx_word' id='word_1_299' title='bbox 1655 2185 1662 2241; x_wconf 98' lang='grc' dir='ltr'>Ι</span> <span class='ocrx_word' id='word_1_300' title='bbox 1687 2187 1880 2240; x_wconf 87' lang='lat' dir='ltr'><em>Philippis</em></span> 
     </span>
     <span class='ocr_line' id='line_1_30' title="bbox 176 2252 1879 2308; baseline -0.001 -12"><span class='ocrx_word' id='word_1_301' title='bbox 176 2268 199 2297; x_wconf 72' lang='grc' dir='ltr'>γ</span> <span class='ocrx_word' id='word_1_302' title='bbox 233 2255 322 2296; x_wconf 90' lang='lat' dir='ltr'><em>coh.</em></span> <span class='ocrx_word' id='word_1_303' title='bbox 352 2254 442 2294; x_wconf 87' lang='lat' dir='ltr'><strong>XIII</strong></span> <span class='ocrx_word' id='word_1_304' title='bbox 473 2254 574 2303; x_wconf 65' lang='lat' dir='ltr'><em>urb„</em></span> <span class='ocrx_word' id='word_1_305' title='bbox 602 2253 608 2307; x_wconf 98' lang='grc' dir='ltr'>Ι</span> <span class='ocrx_word' id='word_1_306' title='bbox 635 2255 749 2294; x_wconf 93' lang='lat' dir='ltr'><em>donis</em></span> <span class='ocrx_word' id='word_1_307' title='bbox 779 2254 947 2294; x_wconf 90' lang='lat' dir='ltr'><em>donatus</em></span> <span class='ocrx_word' id='word_1_308' title='bbox 977 2267 998 2294; x_wconf 89' lang='lat' dir='ltr'><em>a</em></span> <span class='ocrx_word' id='word_1_309' title='bbox 1018 2254 1240 2294; x_wconf 90' lang='lat' dir='ltr'><em>Domitiano</em></span> <span class='ocrx_word' id='word_1_310' title='bbox 1267 2252 1273 2308; x_wconf 97' lang='grc' dir='ltr'>Ι</span> <span class='ocrx_word' id='word_1_311' title='bbox 1300 2254 1351 2294; x_wconf 91' lang='lat' dir='ltr'><em>oh</em></span> <span class='ocrx_word' id='word_1_312' title='bbox 1381 2254 1528 2295; x_wconf 89' lang='lat' dir='ltr'><em>bellum</em></span> <span class='ocrx_word' id='word_1_313' title='bbox 1557 2254 1756 2304; x_wconf 80' lang='lat' dir='ltr'><em>Dacicum,</em></span> <span class='ocrx_word' id='word_1_314' title='bbox 1785 2254 1879 2294; x_wconf 86' lang='lat' dir='ltr'><em>item</em></span> 
     </span>
     <span class='ocr_line' id='line_1_31' title="bbox 180 2318 1877 2376; baseline -0.001 -13"><span class='ocrx_word' id='word_1_315' title='bbox 180 2323 227 2363; x_wconf 89' lang='lat' dir='ltr'><em>ab</em></span> <span class='ocrx_word' id='word_1_316' title='bbox 254 2322 261 2376; x_wconf 96' lang='grc' dir='ltr'>Ι</span> <span class='ocrx_word' id='word_1_317' title='bbox 288 2323 425 2363; x_wconf 87' lang='lat' dir='ltr'><em>eodem</em></span> <span class='ocrx_word' id='word_1_318' title='bbox 457 2322 506 2361; x_wconf 92' lang='lat' dir='ltr'><em>ob</em></span> <span class='ocrx_word' id='word_1_319' title='bbox 537 2322 685 2362; x_wconf 89' lang='lat' dir='ltr'><em>bellum</em></span> <span class='ocrx_word' id='word_1_320' title='bbox 723 2322 1021 2371; x_wconf 86' lang='lat' dir='ltr'><em>Germanicum,</em></span> <span class='ocrx_word' id='word_1_321' title='bbox 1056 2322 1062 2376; x_wconf 99' lang='grc' dir='ltr'>Ι</span> <span class='ocrx_word' id='word_1_322' title='bbox 1097 2323 1189 2362; x_wconf 90' lang='lat' dir='ltr'><em>item</em></span> <span class='ocrx_word' id='word_1_323' title='bbox 1219 2322 1392 2374; x_wconf 82' lang='lat' dir='ltr'><em>torquib.</em></span> <span class='ocrx_word' id='word_1_324' title='bbox 1422 2321 1584 2362; x_wconf 85' lang='lat' dir='ltr'><em>armillis</em></span> <span class='ocrx_word' id='word_1_325' title='bbox 1613 2320 1664 2361; x_wconf 90' lang='lat' dir='ltr'><em>ob</em></span> <span class='ocrx_word' id='word_1_326' title='bbox 1693 2321 1839 2362; x_wconf 83' lang='lat' dir='ltr'><em>bellum</em></span> <span class='ocrx_word' id='word_1_327' title='bbox 1869 2318 1877 2376; x_wconf 97' lang='grc' dir='ltr'>Ι</span> 
     </span>
     <span class='ocr_line' id='line_1_32' title="bbox 178 2388 1877 2443; baseline -0.001 -13"><span class='ocrx_word' id='word_1_328' title='bbox 178 2390 397 2439; x_wconf 81' lang='lat' dir='ltr'><em>Dacicum²‚</em></span> <span class='ocrx_word' id='word_1_329' title='bbox 429 2388 521 2428; x_wconf 86' lang='lat' dir='ltr'><em>vixit</em></span> <span class='ocrx_word' id='word_1_330' title='bbox 550 2401 642 2428; x_wconf 91' lang='lat' dir='ltr'><em>ann.</em></span> <span class='ocrx_word' id='word_1_331' title='bbox 674 2388 718 2438; x_wconf 86' lang='lat' dir='ltr'><em>L,</em></span> <span class='ocrx_word' id='word_1_332' title='bbox 749 2389 925 2430; x_wconf 82' lang='lat' dir='ltr'><em>militavit</em></span> <span class='ocrx_word' id='word_1_333' title='bbox 954 2401 1016 2429; x_wconf 88' lang='lat' dir='ltr'><em>an.</em></span> <span class='ocrx_word' id='word_1_334' title='bbox 1047 2390 1201 2439; x_wconf 87' lang='lat' dir='ltr'><strong>XXXII,</strong></span> <span class='ocrx_word' id='word_1_335' title='bbox 1228 2389 1235 2443; x_wconf 99' lang='grc' dir='ltr'>Ι</span> <span class='ocrx_word' id='word_1_336' title='bbox 1262 2390 1311 2430; x_wconf 91' lang='grc' dir='ltr'><em>Μ.</em></span> <span class='ocrx_word' id='word_1_337' title='bbox 1343 2389 1462 2430; x_wconf 92' lang='lat' dir='ltr'><em>Silius</em></span> <span class='ocrx_word' id='word_1_338' title='bbox 1491 2389 1731 2436; x_wconf 84' lang='lat' dir='ltr'><em>Quintianus</em></span> <span class='ocrx_word' id='word_1_339' title='bbox 1769 2389 1877 2441; x_wconf 91' lang='lat' dir='ltr'><em>optio</em></span> 
     </span>
    </p>
   </div>
   <div class='ocr_carea' id='block_1_19' title="bbox 177 2453 1878 2733">
    <p class='ocr_par' dir='ltr' id='par_1_19' title="bbox 179 2453 1085 2509">
     <span class='ocr_line' id='line_1_33' title="bbox 179 2453 1085 2509; baseline -0.002 -12"><span class='ocrx_word' id='word_1_340' title='bbox 179 2458 282 2497; x_wconf 88' lang='lat' dir='ltr'><em>bene</em></span> <span class='ocrx_word' id='word_1_341' title='bbox 314 2456 481 2509; x_wconf 88' lang='lat' dir='ltr'><em>merenti</em></span> <span class='ocrx_word' id='word_1_342' title='bbox 507 2453 514 2508; x_wconf 96' lang='grc' dir='ltr'>Ι</span> <span class='ocrx_word' id='word_1_343' title='bbox 539 2457 671 2508; x_wconf 91' lang='lat' dir='ltr'><em>posuit</em></span> <span class='ocrx_word' id='word_1_344' title='bbox 704 2461 824 2504; x_wconf 80' lang='lat' dir='ltr'><em>(eques</em></span> <span class='ocrx_word' id='word_1_345' title='bbox 849 2472 928 2494; x_wconf 83' lang='lat' dir='ltr'><em>cum</em></span> <span class='ocrx_word' id='word_1_346' title='bbox 953 2462 1085 2505; x_wconf 75' lang='lat' dir='ltr'><em>hasta).</em></span> 
     </span>
    </p>

    <p class='ocr_par' dir='ltr' id='par_1_20' title="bbox 177 2519 1878 2733">
     <span class='ocr_line' id='line_1_34' title="bbox 293 2519 1878 2566; baseline -0.001 -11"><span class='ocrx_word' id='word_1_347' title='bbox 293 2523 512 2563; x_wconf 77' lang='lat' dir='ltr'><em>Carthagine</em></span> <span class='ocrx_word' id='word_1_348' title='bbox 542 2533 635 2564; x_wconf 67' lang='lat' dir='ltr'><em>rep„</em></span> <span class='ocrx_word' id='word_1_349' title='bbox 677 2526 730 2555; x_wconf 85' lang='lat' dir='ltr'><em>est</em></span> <span class='ocrx_word' id='word_1_350' title='bbox 762 2524 907 2566; x_wconf 74' lang='lat' dir='ltr'><em>Algerii</em></span> <span class='ocrx_word' id='word_1_351' title='bbox 939 2523 1044 2566; x_wconf 90' lang='lat' dir='ltr'><strong>(VIII</strong></span> <span class='ocrx_word' id='word_1_352' title='bbox 1071 2524 1158 2557; x_wconf 75' lang='lat'><em>4026</em></span> <span class='ocrx_word' id='word_1_353' title='bbox 1190 2523 1281 2556; x_wconf 78' lang='lat' dir='ltr'><em>vidit</em></span> <span class='ocrx_word' id='word_1_354' title='bbox 1313 2521 1540 2564; x_wconf 85' lang='lat' dir='ltr'><em>Wilmanns).</em></span> <span class='ocrx_word' id='word_1_355' title='bbox 1570 2539 1617 2545; x_wconf 89' lang='lat'>—</span> <span class='ocrx_word' id='word_1_356' title='bbox 1658 2521 1690 2562; x_wconf 90' lang='lat'><em>1)</em></span> <span class='ocrx_word' id='word_1_357' title='bbox 1722 2519 1878 2555; x_wconf 74' lang='lat' dir='ltr'><em>Vitanius</em></span> 
     </span>
     <span class='ocr_line' id='line_1_35' title="bbox 178 2577 1878 2622; baseline -0.001 -11"><span class='ocrx_word' id='word_1_358' title='bbox 178 2579 342 2611; x_wconf 85' lang='lat' dir='ltr'><em>Huebner</em></span> <span class='ocrx_word' id='word_1_359' title='bbox 367 2589 429 2611; x_wconf 63' lang='lat' dir='ltr'><em>ex.⁴</em></span> <span class='ocrx_word' id='word_1_360' title='bbox 454 2588 521 2611; x_wconf 86' lang='lat' dir='ltr'><em>ser.</em></span> <span class='ocrx_word' id='word_1_361' title='bbox 553 2589 605 2620; x_wconf 87' lang='lat' dir='ltr'><em>ep.</em></span> <span class='ocrx_word' id='word_1_362' title='bbox 627 2580 701 2612; x_wconf 88' lang='grc'><strong><em>449.</em></strong></span> <span class='ocrx_word' id='word_1_363' title='bbox 731 2597 776 2603; x_wconf 84' lang='grc'><strong>-</strong></span> <span class='ocrx_word' id='word_1_364' title='bbox 809 2581 843 2621; x_wconf 86' lang='grc'><em>2)</em></span> <span class='ocrx_word' id='word_1_365' title='bbox 878 2579 1032 2622; x_wconf 85' lang='lat' dir='ltr'><em>Utroque</em></span> <span class='ocrx_word' id='word_1_366' title='bbox 1062 2580 1138 2613; x_wconf 86' lang='lat' dir='ltr'><em>loco</em></span> <span class='ocrx_word' id='word_1_367' title='bbox 1170 2579 1314 2612; x_wconf 79' lang='lat' dir='ltr'><em>videtur</em></span> <span class='ocrx_word' id='word_1_368' title='bbox 1344 2577 1618 2620; x_wconf 75' lang='lat' dir='ltr'><em>intellegendum</em></span> <span class='ocrx_word' id='word_1_369' title='bbox 1648 2587 1720 2610; x_wconf 75' lang='lat' dir='ltr'><em>esse</em></span> <span class='ocrx_word' id='word_1_370' title='bbox 1750 2577 1878 2610; x_wconf 82' lang='lat' dir='ltr'><em>bellum</em></span> 
     </span>
     <span class='ocr_line' id='line_1_36' title="bbox 177 2632 1878 2677; baseline 0 -10"><span class='ocrx_word' id='word_1_371' title='bbox 177 2635 351 2667; x_wconf 81' lang='lat' dir='ltr'><em>Dacicum</em></span> <span class='ocrx_word' id='word_1_372' title='bbox 375 2634 587 2674; x_wconf 76' lang='lat' dir='ltr'><em>Domitiani,</em></span> <span class='ocrx_word' id='word_1_373' title='bbox 612 2637 663 2667; x_wconf 85' lang='lat' dir='ltr'><em>ita</em></span> <span class='ocrx_word' id='word_1_374' title='bbox 688 2638 730 2667; x_wconf 88' lang='lat' dir='ltr'><em>ut</em></span> <span class='ocrx_word' id='word_1_375' title='bbox 744 2634 862 2677; x_wconf 84' lang='lat' dir='ltr'><em>Nepos</em></span> <span class='ocrx_word' id='word_1_376' title='bbox 885 2637 1028 2668; x_wconf 85' lang='lat' dir='ltr'><em>coronis</em></span> <span class='ocrx_word' id='word_1_377' title='bbox 1051 2638 1202 2669; x_wconf 85' lang='lat' dir='ltr'><em>ornatus</em></span> <span class='ocrx_word' id='word_1_378' title='bbox 1223 2637 1273 2668; x_wconf 82' lang='lat' dir='ltr'><em>sit</em></span> <span class='ocrx_word' id='word_1_379' title='bbox 1294 2637 1367 2667; x_wconf 84' lang='lat' dir='ltr'><em>tam</em></span> <span class='ocrx_word' id='word_1_380' title='bbox 1387 2636 1469 2676; x_wconf 85' lang='lat' dir='ltr'><em>post</em></span> <span class='ocrx_word' id='word_1_381' title='bbox 1483 2633 1611 2666; x_wconf 83' lang='lat' dir='ltr'><em>bellum</em></span> <span class='ocrx_word' id='word_1_382' title='bbox 1629 2632 1878 2667; x_wconf 69' lang='lat' dir='ltr'><em>Germanicum</em></span> 
     </span>
     <span class='ocr_line' id='line_1_37' title="bbox 183 2689 1640 2733; baseline 0.001 -10"><span class='ocrx_word' id='word_1_383' title='bbox 183 2700 289 2733; x_wconf 82' lang='lat' dir='ltr'><em>quam</em></span> <span class='ocrx_word' id='word_1_384' title='bbox 313 2691 354 2722; x_wconf 87' lang='lat' dir='ltr'><em>ob</em></span> <span class='ocrx_word' id='word_1_385' title='bbox 380 2689 507 2722; x_wconf 86' lang='lat' dir='ltr'><em>bellum</em></span> <span class='ocrx_word' id='word_1_386' title='bbox 530 2690 715 2730; x_wconf 83' lang='lat' dir='ltr'><em>Dacicum,</em></span> <span class='ocrx_word' id='word_1_387' title='bbox 740 2692 928 2732; x_wconf 74' lang='lat' dir='ltr'><em>torquibus</em></span> <span class='ocrx_word' id='word_1_388' title='bbox 951 2694 985 2723; x_wconf 88' lang='lat' dir='ltr'><em>et</em></span> <span class='ocrx_word' id='word_1_389' title='bbox 1007 2691 1157 2725; x_wconf 76' lang='lat' dir='ltr'><em>armillis</em></span> <span class='ocrx_word' id='word_1_390' title='bbox 1181 2692 1222 2724; x_wconf 83' lang='lat' dir='ltr'><em>oh</em></span> <span class='ocrx_word' id='word_1_391' title='bbox 1247 2692 1313 2723; x_wconf 85' lang='lat' dir='ltr'><em>hoe</em></span> <span class='ocrx_word' id='word_1_392' title='bbox 1335 2690 1449 2722; x_wconf 87' lang='lat' dir='ltr'><em>solum</em></span> <span class='ocrx_word' id='word_1_393' title='bbox 1473 2689 1640 2733; x_wconf 66' lang='lat' dir='ltr'><em>(Wilm).</em></span> 
     </span>
    </p>
   </div>
   <div class='ocr_carea' id='block_1_20' title="bbox 291 2790 1879 2848">
    <p class='ocr_par' dir='ltr' id='par_1_21' title="bbox 291 2790 1879 2848">
     <span class='ocr_line' id='line_1_38' title="bbox 291 2790 1879 2848; baseline -0.001 -16"><span class='ocrx_word' id='word_1_394' title='bbox 291 2791 404 2837; x_wconf 84' lang='grc'><strong>2128</strong></span> <span class='ocrx_word' id='word_1_395' title='bbox 446 2793 483 2832; x_wconf 90' lang='lat' dir='ltr'><em>d.</em></span> <span class='ocrx_word' id='word_1_396' title='bbox 514 2805 565 2832; x_wconf 88' lang='lat' dir='ltr'><em>m.</em></span> <span class='ocrx_word' id='word_1_397' title='bbox 592 2790 599 2846; x_wconf 93' lang='grc' dir='ltr'>Ι</span> <span class='ocrx_word' id='word_1_398' title='bbox 626 2793 673 2838; x_wconf 89' lang='lat' dir='ltr'><em>Q.</em></span> <span class='ocrx_word' id='word_1_399' title='bbox 705 2793 792 2832; x_wconf 90' lang='lat' dir='ltr'><em>Iuni</em></span> <span class='ocrx_word' id='word_1_400' title='bbox 823 2793 870 2838; x_wconf 89' lang='lat' dir='ltr'><em>Q.</em></span> <span class='ocrx_word' id='word_1_401' title='bbox 902 2794 953 2832; x_wconf 87' lang='lat' dir='ltr'><em>fil.</em></span> <span class='ocrx_word' id='word_1_402' title='bbox 981 2792 987 2844; x_wconf 97' lang='grc' dir='ltr'>Ι</span> <span class='ocrx_word' id='word_1_403' title='bbox 1013 2794 1143 2833; x_wconf 89' lang='lat' dir='ltr'><em>Iullini</em></span> <span class='ocrx_word' id='word_1_404' title='bbox 1169 2793 1174 2848; x_wconf 98' lang='grc' dir='ltr'>Ι</span> <span class='ocrx_word' id='word_1_405' title='bbox 1203 2793 1335 2833; x_wconf 87' lang='lat' dir='ltr'><em>militis</em></span> <span class='ocrx_word' id='word_1_406' title='bbox 1374 2792 1461 2832; x_wconf 88' lang='lat' dir='ltr'><em>coh.</em></span> <span class='ocrx_word' id='word_1_407' title='bbox 1491 2791 1559 2831; x_wconf 90' lang='lat' dir='ltr'><em>XV</em></span> <span class='ocrx_word' id='word_1_408' title='bbox 1597 2791 1713 2839; x_wconf 77' lang='lat' dir='ltr'><em>urb-¹,</em></span> <span class='ocrx_word' id='word_1_409' title='bbox 1747 2792 1755 2840; x_wconf 92' lang='grc' dir='ltr'>Ι</span> <span class='ocrx_word' id='word_1_410' title='bbox 1785 2790 1879 2831; x_wconf 84' lang='lat' dir='ltr'><em>vixit</em></span> 
     </span>
    </p>
   </div>
   <div class='ocr_carea' id='block_1_21' title="bbox 177 2850 1876 3076">
    <p class='ocr_par' dir='ltr' id='par_1_22' title="bbox 181 2850 1874 2914">
     <span class='ocr_line' id='line_1_39' title="bbox 181 2850 1874 2914; baseline -0.003 -14"><span class='ocrx_word' id='word_1_411' title='bbox 181 2861 297 2900; x_wconf 91' lang='lat' dir='ltr'><em>annis</em></span> <span class='ocrx_word' id='word_1_412' title='bbox 324 2859 514 2908; x_wconf 86' lang='lat' dir='ltr'><strong>XXXIIH,</strong></span> <span class='ocrx_word' id='word_1_413' title='bbox 542 2858 548 2912; x_wconf 98' lang='grc' dir='ltr'>Ι</span> <span class='ocrx_word' id='word_1_414' title='bbox 573 2859 750 2899; x_wconf 82' lang='lat' dir='ltr'><em>militavit</em></span> <span class='ocrx_word' id='word_1_415' title='bbox 777 2860 891 2899; x_wconf 91' lang='lat' dir='ltr'><em>annis</em></span> <span class='ocrx_word' id='word_1_416' title='bbox 911 2850 1003 2899; x_wconf 74' lang='lat' dir='ltr'><em>X—Vl</em></span> <span class='ocrx_word' id='word_1_417' title='bbox 1030 2860 1035 2914; x_wconf 96' lang='grc' dir='ltr'>Ι</span> <span class='ocrx_word' id='word_1_418' title='bbox 1062 2861 1106 2900; x_wconf 92' lang='lat' dir='ltr'><em>L.</em></span> <span class='ocrx_word' id='word_1_419' title='bbox 1130 2862 1273 2901; x_wconf 89' lang='lat' dir='ltr'><em>Iustius</em></span> <span class='ocrx_word' id='word_1_420' title='bbox 1298 2860 1305 2912; x_wconf 94' lang='grc' dir='ltr'>Ι</span> <span class='ocrx_word' id='word_1_421' title='bbox 1331 2860 1558 2911; x_wconf 73' lang='lat' dir='ltr'><em>Valerianus</em></span> <span class='ocrx_word' id='word_1_422' title='bbox 1583 2855 1591 2912; x_wconf 99' lang='grc' dir='ltr'>Ι</span> <span class='ocrx_word' id='word_1_423' title='bbox 1623 2859 1737 2897; x_wconf 86' lang='lat' dir='ltr'><em>heres</em></span> <span class='ocrx_word' id='word_1_424' title='bbox 1769 2869 1809 2908; x_wconf 87' lang='lat' dir='ltr'><em>p.</em></span> <span class='ocrx_word' id='word_1_425' title='bbox 1841 2869 1874 2896; x_wconf 87' lang='lat' dir='ltr'><em>c.</em></span> 
     </span>
    </p>

    <p class='ocr_par' dir='ltr' id='par_1_23' title="bbox 177 2923 1876 3076">
     <span class='ocr_line' id='line_1_40' title="bbox 296 2923 1876 2969; baseline -0.003 -10"><span class='ocrx_word' id='word_1_426' title='bbox 296 2927 409 2968; x_wconf 73' lang='lat' dir='ltr'><em>Ptope</em></span> <span class='ocrx_word' id='word_1_427' title='bbox 424 2926 598 2958; x_wconf 82' lang='lat' dir='ltr'><em>Misenum</em></span> <span class='ocrx_word' id='word_1_428' title='bbox 614 2936 687 2969; x_wconf 85' lang='lat' dir='ltr'><em>rep.</em></span> <span class='ocrx_word' id='word_1_429' title='bbox 713 2924 764 2968; x_wconf 84' lang='lat' dir='ltr'><em>(X</em></span> <span class='ocrx_word' id='word_1_430' title='bbox 775 2925 858 2959; x_wconf 73' lang='lat'><em>1765</em></span> <span class='ocrx_word' id='word_1_431' title='bbox 877 2927 930 2958; x_wconf 84' lang='lat' dir='ltr'><em>bis</em></span> <span class='ocrx_word' id='word_1_432' title='bbox 947 2926 1151 2969; x_wconf 83' lang='lat' dir='ltr'><em>descripta).</em></span> <span class='ocrx_word' id='word_1_433' title='bbox 1168 2946 1215 2952; x_wconf 95' lang='lat'><em>--</em></span> <span class='ocrx_word' id='word_1_434' title='bbox 1239 2928 1271 2969; x_wconf 94' lang='lat'><em>1)</em></span> <span class='ocrx_word' id='word_1_435' title='bbox 1289 2926 1421 2960; x_wconf 83' lang='lat' dir='ltr'><em>Cohors</em></span> <span class='ocrx_word' id='word_1_436' title='bbox 1437 2926 1564 2968; x_wconf 79' lang='lat' dir='ltr'><em>quinta</em></span> <span class='ocrx_word' id='word_1_437' title='bbox 1580 2924 1714 2956; x_wconf 81' lang='lat' dir='ltr'><em>decima</em></span> <span class='ocrx_word' id='word_1_438' title='bbox 1737 2923 1876 2955; x_wconf 82' lang='lat' dir='ltr'><em>urbana</em></span> 
     </span>
     <span class='ocr_line' id='line_1_41' title="bbox 182 2979 1874 3025; baseline -0.002 -12"><span class='ocrx_word' id='word_1_439' title='bbox 182 2985 403 3025; x_wconf 31' lang='lat' dir='ltr'><em>memoratur·</em></span> <span class='ocrx_word' id='word_1_440' title='bbox 422 2984 527 3014; x_wconf 80' lang='lat' dir='ltr'><em>etiam</em></span> <span class='ocrx_word' id='word_1_441' title='bbox 543 2981 588 3015; x_wconf 89' lang='lat' dir='ltr'><em>N.</em></span> <span class='ocrx_word' id='word_1_442' title='bbox 604 2981 696 3016; x_wconf 71' lang='lat'><strong><em>2129</em></strong></span> <span class='ocrx_word' id='word_1_443' title='bbox 719 2984 755 3013; x_wconf 84' lang='lat' dir='ltr'><em>et</em></span> <span class='ocrx_word' id='word_1_444' title='bbox 774 2985 961 3024; x_wconf 83' lang='lat' dir='ltr'><em>praeterea</em></span> <span class='ocrx_word' id='word_1_445' title='bbox 977 2984 1016 3014; x_wconf 83' lang='lat' dir='ltr'><em>in</em></span> <span class='ocrx_word' id='word_1_446' title='bbox 1033 2982 1148 3015; x_wconf 84' lang='lat' dir='ltr'><em>titulis</em></span> <span class='ocrx_word' id='word_1_447' title='bbox 1165 2983 1301 3015; x_wconf 84' lang='lat' dir='ltr'><em>tribuni</em></span> <span class='ocrx_word' id='word_1_448' title='bbox 1316 2983 1392 3015; x_wconf 86' lang='lat' dir='ltr'><em>eius</em></span> <span class='ocrx_word' id='word_1_449' title='bbox 1409 2981 1445 3014; x_wconf 84' lang='lat'><em>0.</em></span> <span class='ocrx_word' id='word_1_450' title='bbox 1460 2980 1495 3014; x_wconf 87' lang='grc' dir='ltr'><em>Χ</em></span> <span class='ocrx_word' id='word_1_451' title='bbox 1512 2979 1609 3013; x_wconf 83' lang='grc'><strong><em>7865.</em></strong></span> <span class='ocrx_word' id='word_1_452' title='bbox 1625 2979 1733 3019; x_wconf 73' lang='lat'><strong><em>7952;</em></strong></span> <span class='ocrx_word' id='word_1_453' title='bbox 1755 2979 1874 3011; x_wconf 85' lang='lat' dir='ltr'><em>eadem</em></span> 
     </span>
     <span class='ocr_line' id='line_1_42' title="bbox 177 3035 1185 3076; baseline 0.002 -7"><span class='ocrx_word' id='word_1_454' title='bbox 177 3035 332 3076; x_wconf 79' lang='lat' dir='ltr'><em>fortasse</em></span> <span class='ocrx_word' id='word_1_455' title='bbox 355 3040 407 3069; x_wconf 84' lang='lat' dir='ltr'><em>est</em></span> <span class='ocrx_word' id='word_1_456' title='bbox 430 3038 556 3069; x_wconf 85' lang='lat' dir='ltr'><em>cohors</em></span> <span class='ocrx_word' id='word_1_457' title='bbox 579 3037 645 3070; x_wconf 87' lang='lat' dir='ltr'><em>XV</em></span> <span class='ocrx_word' id='word_1_458' title='bbox 669 3037 768 3070; x_wconf 80' lang='lat' dir='ltr'><em>tituli</em></span> <span class='ocrx_word' id='word_1_459' title='bbox 790 3039 926 3070; x_wconf 82' lang='lat' dir='ltr'><em>urbani</em></span> <span class='ocrx_word' id='word_1_460' title='bbox 950 3038 985 3073; x_wconf 85' lang='lat' dir='ltr'><em>G.</em></span> <span class='ocrx_word' id='word_1_461' title='bbox 1013 3038 1046 3071; x_wconf 87' lang='lat' dir='ltr'><em>V</em></span> <span class='ocrx_word' id='word_1_462' title='bbox 1046 3038 1066 3070; x_wconf 92' lang='lat' dir='ltr'><strong>I</strong></span> <span class='ocrx_word' id='word_1_463' title='bbox 1085 3039 1185 3072; x_wconf 80' lang='grc'><strong><em>5642.</em></strong></span> 
     </span>
    </p>
   </div>
  </div>
 </body>
</html>
