1968 3268
788 94 903 131 Tituli
925 94 1116 131 militares.
1728 65 1809 130 463

100 212 142 244 in
164 209 290 243 Raetia
322 208 386 250 (ef.
410 210 520 252 supra
552 208 598 244 Ν.
620 209 746 250 1564„
775 209 930 242 secunda
956 208 1084 241 Flavia
1114 219 1148 242 a.
1170 209 1240 242 455
1262 209 1445 250 reperitur
1475 209 1515 240 in
1539 206 1674 240 Norico
1706 207 1810 250 (dipl.

102 278 136 301 a.
167 267 253 309 455,
284 266 376 310 Eph.
409 276 461 308 ep.
484 267 505 298 4
530 276 570 308 p.
592 265 691 309 505).
721 285 764 290 —
796 266 830 307 3)
866 264 1032 300 Undecim
1064 266 1243 305 cohortes,
1282 267 1428 306 exscepta
1459 263 1537 296 sola
1569 265 1678 296 tertia
1702 263 1812 297 Bata-

101 333 227 356 vorum
249 321 442 363 milliaria,
473 322 623 355 redeunt
645 332 763 355 omnes
785 323 825 354 in
849 323 1103 354 constitutione
1126 323 1215 354 anni
1237 321 1300 355 466
1333 320 1439 363 (Epa.
1465 331 1516 363 ep.
1540 321 1565 354 2
1586 331 1622 362 p.
1645 319 1741 363 462).
1766 339 1812 344 ——

103 381 136 421 4)
149 381 196 414 50
212 380 290 412 Iun.
309 378 359 422 (a.
375 378 448 420 407,
472 377 518 418 cll
542 381 617 412 not.
633 378 652 411 4
663 391 676 418 ,·
697 378 807 410 iidem
832 377 992 410 consules
1013 378 1248 418 reperiuntur
1270 378 1379 410 eiiam
1405 376 1458 410 VI
1476 378 1554 411 630.
1579 376 1672 410 XIV
1686 377 1809 415 2242).

214 470 330 517 20⁰3
373 472 467 524 imp.
490 471 631 511 Caesar
650 471 725 510 divi
746 471 895 510 Nervae
916 470 942 508 f.
963 469 1087 508 Nerva
1108 465 1295 525 Tra[i]an.
1321 470 1420 520 Aug.
1442 468 1665 509 Germanic.
1696 468 1809 508 Daci-

102 553 173 580 cus
201 540 341 592 pontif.
362 540 566 586 maximus,
596 538 782 578 tribunic.
815 543 957 590 potest.
987 536 1076 586 ΧΓ,
1106 537 1200 589 imp.
1235 537 1294 584 VI,
1327 549 1407 577 cos.
1438 537 1483 585 V,
1514 549 1553 588 p.
1583 549 1637 588 p.,
1669 536 1812 588 equiti—

102 608 177 648 bus
206 614 246 648 et
275 604 524 664 [p]editibus,
565 607 632 659 qui
662 606 928 646 militaverunt
964 605 1006 644 in
1046 605 1117 645 alis
1155 603 1284 644 tribus
1314 611 1352 644 et
1390 604 1622 646 cohortibus
1660 604 1810 651 decem,

103 688 203 728 quae
242 675 493 728 appellantur
541 676 589 726 (1)
639 674 656 713 Ι
692 674 882 713 Nerviana
923 673 1100 724 Augusta
1138 672 1229 711 felix
1273 686 1337 728 σοι
1365 680 1404 713 et
1443 675 1492 724 (2)
1544 673 1576 712 ll
1612 671 1808 712 Thracum

103 746 277 797 Augusta
315 755 355 795 p.
386 744 412 782 f.
454 750 492 782 et
522 744 571 790 (3)
603 740 873 787 Parthorum²‚
912 746 951 779 et
986 742 1035 789 (1)
1065 740 1242 792 Augusta
1273 741 1464 781 Nerviana
1496 741 1605 782 velox
1637 747 1675 780 et
1715 741 1764 791 (2)
1795 739 1811 778 l

103 812 316 852 Corsorum
346 824 381 851 c.
412 807 491 866 [It]
528 818 567 850 et
604 811 655 861 (3)
694 808 1039 848 IPannoniorum
1079 817 1118 848 et
1156 810 1204 859 (4)
1243 808 1259 848 l
1291 809 1595 848 Nurritanorum
1637 814 1676 848 et
1706 808 1755 859 (5)
1795 807 1812 846 Ι

104 880 231 920 Flavia
261 879 583 919 Musulamiorum
615 884 653 918 et
682 876 731 929 (6)
762 877 778 916 Ι
804 877 934 916 Flavia
966 876 1234 928 Hispanorum
1266 883 1305 915 et
1334 876 1385 928 (2)
1417 876 1433 916 1
1458 877 1679 916 Brittonum
1701 881 1742 915 et
1759 876 1809 926 (8)

102 947 139 988 11
167 947 412 987 Breucorum
441 951 482 986 et
509 946 558 998 (9)
597 945 633 984 ΙΙ
664 945 863 984 Gallorum
894 952 933 984 et
974 945 1042 996 (10)
1072 944 1145 983 1111
1176 944 1524 996 Sugambrorum³,
1564 950 1604 984 et
1640 949 1735 984 sunt
1770 943 1811 982 in

102 1014 342 1055 Mauretania
381 1013 620 1053 Caesariensi
659 1013 732 1052 sub
781 1013 826 1052 T.
866 1012 1078 1052 Caesernio
1115 1012 1368 1061 Macedone⁴,
1414 1012 1548 1064 quinis
1588 1018 1626 1051 et
1663 1012 1813 1051 vicenis

69 1138 72 1139 ⁷
103 1082 331 1135 pluribusve
369 1081 574 1134 stipendiis
613 1081 788 1121 emeritis
828 1080 996 1120 dimissis
1035 1080 1201 1120 honesta
1243 1080 1449 1128 missione,
1494 1080 1587 1120 item
1628 1079 1813 1126 classicis,

103 1162 273 1202 quorum
294 1150 456 1189 nomina
486 1148 710 1200 subscripta
738 1155 854 1188 sunt:
886 1148 983 1201 ipsis
1012 1147 1146 1188 liberis
1174 1148 1424 1200 posterisque
1451 1159 1590 1188 eorum
1621 1148 1813 1187 civitatem

102 1218 208 1258 dedit
237 1224 278 1257 et
305 1216 521 1258 conubium
553 1229 644 1256 cum
676 1215 886 1264 uxoribus,
927 1228 1026 1268 quas
1054 1221 1152 1255 tunc
1192 1215 1424 1255 habuissent
1453 1228 1543 1255 cum
1584 1221 1643 1255 est
1681 1215 1815 1254 civitas

102 1287 150 1326 iis
169 1286 270 1335 data,
302 1292 369 1325 aut
397 1286 430 1325 si
452 1285 519 1337 qui
545 1283 714 1324 caelibes
743 1290 888 1330 essent,
920 1295 1010 1323 cum
1040 1283 1087 1323 iis
1117 1296 1214 1335 quas
1234 1290 1370 1336 postea
1391 1284 1596 1323 duxissent
1615 1284 1815 1322 dumtaxat

102 1354 248 1406 singuli
282 1353 468 1404 singulas.
520 1353 564 1391 Α.
596 1352 633 1390 d.
664 1350 751 1390 VIII
791 1351 827 1390 k.
860 1351 952 1391 Dec.
999 1351 1040 1391 C.
1072 1351 1170 1391 Iulio
1205 1352 1400 1403 Longino,
1440 1351 1482 1391 C.
1516 1351 1667 1390 Valerio
1699 1351 1814 1390 Paul—

104 1422 187 1462 lino
218 1421 316 1461 cos.⁸

217 1489 305 1528 coh.
330 1487 404 1527 1111
434 1487 760 1538 Sugambrorum,
792 1485 853 1524 cui
884 1493 1016 1536 praest
1045 1485 1104 1525 Ti.
1136 1486 1320 1526 Claudius
1351 1487 1410 1526 Ti.
1442 1487 1469 1525 f.
1491 1486 1602 1532 Quir.
1633 1486 1813 1538 Magnus,

105 1569 151 1596 ex
181 1556 335 1609 pedite:
365 1555 551 1595 Lovessio
582 1553 739 1593 Maximi
769 1553 796 1591 f.
829 1552 984 1591 Bracar.

220 1624 465 1676 Descriptum
505 1629 543 1662 et
573 1620 820 1671 recognitum
860 1631 908 1658 ex
946 1620 1076 1660 tabula
1108 1633 1228 1660 aenea
1259 1634 1360 1672 quae
1392 1623 1466 1660 fixa
1505 1626 1565 1660 est
1594 1620 1741 1660 Romae
1773 1620 1812 1659 in

103 1704 219 1732 muro
250 1697 340 1744 post
368 1690 558 1742 templum
590 1689 665 1728 divi
696 1688 794 1739 Aug.
826 1688 874 1726 ad
905 1687 1132 1727 Minervam.
1182 1689 1229 1735 Q.
1253 1689 1390 1728 Aemili
1412 1688 1579 1728 Soterici
1604 1711 1650 1716 -
1677 1687 1718 1727 C.
1740 1687 1814 1727 Iuli

103 1759 271 1813 Eutychi
310 1782 363 1787 ——
403 1758 461 1797 Ti.
499 1758 599 1797 Vetti
638 1755 863 1795 Heraclidae
904 1778 957 1783 ——
998 1757 1042 1795 A.
1082 1755 1195 1795 Larci
1234 1757 1438 1796 Phronimi
1478 1779 1530 1785 -
1567 1755 1608 1795 C.
1649 1756 1814 1808 Pompei

106 1826 209 1880 Hylli
240 1849 294 1854 ——
324 1826 366 1866 P.
397 1825 502 1865 Anni
533 1823 739 1877 Trophimi
772 1845 819 1850 ——
855 1823 896 1863 C.
928 1823 1106 1863 Norbani
1136 1823 1269 1863 Primi.

218 1892 423 1936 Diptychon
455 1901 618 1931 aeneum,
657 1900 730 1933 rep.
766 1889 960 1922 Caesareae
997 1889 1197 1933 (Cher-chel)
1230 1890 1481 1923 Mauretaniae
1505 1901 1536 1923 a.
1570 1890 1652 1924 4894
1686 1890 1816 1933 (deser.

110 1949 252 1991 Waille,
276 1949 324 1981 ad
339 1949 440 1981 cuius
464 1948 712 1991 apographum
724 1946 887 1989 prodibit
904 1947 944 1978 in
968 1947 1058 1978 aclis
1074 1947 1278 1979 academiae
1295 1947 1526 1990 Pan'siacae).
1554 1967 1583 1970 —
1623 1949 1654 1986 1)
1678 1947 1721 1981 A.
1740 1946 1815 1979 407.

105 2025 148 2030 -
180 2007 214 2046 2)
243 2005 312 2038 Ala
343 2003 524 2037 Ner-viana
551 2008 740 2046 praeterea
773 2004 898 2044 ignota
907 2015 921 2042 ‚·
952 2003 1011 2035 ala
1044 2003 1260 2035 Parthorum
1294 2005 1328 2034 et
1359 2003 1416 2035 ala
1447 2004 1601 2035 secunda
1637 2001 1815 2036 Thracum

105 2062 295 2105 aliquoties
325 2061 558 2103 reperiuntur
588 2062 627 2092 in
660 2060 957 2102 inscriptionibus
988 2059 1247 2093 Mauretaniae.
1279 2079 1319 2083 —-
1361 2061 1395 2102 3)
1434 2059 1493 2092 Ea:
1525 2061 1580 2092 liis
1611 2061 1816 2092 cohortibus

105 2119 271 2161 quinque,
302 2116 438 2151 seilicet
459 2115 743 2149 Nurritanorum
768 2119 803 2148 et
825 2115 842 2148 I
866 2115 1163 2148 Musulamiorum
1188 2119 1224 2148 et
1256 2117 1276 2149 I
1294 2116 1425 2150 Flavia
1452 2117 1690 2159 Hispanorum
1723 2118 1758 2148 et
1780 2115 1819 2148 II

104 2177 327 2207 Breucorum
367 2175 402 2204 et
440 2175 569 2215 quarta
602 2172 884 2214 Sugambrorum
926 2173 998 2204 iam
1029 2175 1136 2204 antea
1167 2174 1400 2205 innotuerant
1435 2184 1480 2205 ex
1520 2173 1815 2215 inscriptionibus

105 2229 273 2271 Africae‚·
314 2229 476 2261 cohortes
502 2229 657 2271 primam
690 2230 976 2271 Pannoniorum,
1013 2230 1168 2271 primam
1200 2229 1358 2271 aliquam
1388 2229 1594 2261 Brittonum
1629 2228 1816 2271 (videnlur

104 2291 223 2322 autem
249 2290 335 2319 tune
359 2286 527 2327 temporis
550 2284 663 2324 fuisse
687 2285 778 2317 duae
802 2285 963 2317 cobortes
982 2286 1122 2327 primae
1146 2284 1363 2325 Brittonum,
1397 2284 1528 2317 Flavia
1553 2288 1586 2316 et
1611 2284 1732 2327 Ulpia,
1767 2283 1813 2323 cf.

105 2346 180 2388 eph.
206 2355 258 2387 ep.
281 2345 304 2376 5
327 2354 360 2384 p.
386 2341 477 2383 478),
501 2341 691 2374 secundam
715 2342 873 2383 aliquam
901 2340 1085 2374 Gallorum
1110 2339 1175 2383 (cf.
1200 2342 1276 2383 eph.
1302 2351 1354 2383 ep.
1377 2342 1400 2373 ὅ
1422 2351 1458 2383 p.
1482 2340 1584 2384 472),
1615 2340 1813 2383 aliquando

104 2399 217 2441 fuisse
241 2401 278 2431 in
297 2398 426 2437 Africa
451 2407 580 2430 novum
597 2399 669 2437 ειη
688 2398 830 2440 primae
855 2396 1043 2429 Corsorum
1061 2398 1191 2429 civium
1216 2395 1455 2429 Romanorum
1483 2399 1615 2430 mentio
1639 2399 1744 2430 eoetat
1766 2395 1818 2430 IX

103 2457 197 2491 2855
205 2469 217 2498 ;
237 2458 359 2498 prima
382 2455 544 2496 Augusta
571 2452 754 2486 Nerviana
770 2453 875 2485 velox
892 2453 1035 2485 videtur
1052 2452 1171 2484 redire
1194 2454 1234 2485 in
1251 2455 1504 2486 constitutione
1528 2454 1683 2496 quadam
1699 2454 1813 2486 Anto-

105 2514 185 2545 nini
217 2513 272 2544 Pii
302 2510 374 2554 (III
401 2521 435 2553 p.
459 2511 536 2550 886,
569 2510 653 2551 dipl.
684 2508 810 2552 XLV).
847 2527 884 2532 —
917 2510 952 2550 4)
991 2509 1100 2540 Homo
1132 2512 1240 2541 notus
1271 2511 1377 2542 etiam
1408 2521 1454 2542 εει·
1483 2510 1588 2542 tilulo
1621 2510 1813 2543 Sirmiensi

106 2568 162 2602 ΙΙΙ
194 2568 229 2602 S.
253 2569 365 2602 40224
389 2577 502 2610 nuper
524 2569 686 2608 reperto,·
715 2564 869 2604 fortasse
890 2568 995 2607 paler
1020 2565 1292 2599 Caeserniorum
1315 2576 1426 2609 supra
1456 2565 1501 2600 Ν.
1525 2566 1620 2600 4068.
1645 2566 1741 2600 4069.
1764 2585 1809 2590 -

107 2626 140 2666 5)
163 2625 208 2658 24
235 2624 320 2658 Νου.
347 2623 398 2666 (a.
421 2623 494 2664 407,
519 2620 565 2661 cll
591 2624 663 2654 nol.
688 2621 728 2661 4,·
751 2620 910 2653 eonsules
932 2621 1076 2661 suffecti
1095 2625 1281 2664 praeterea
1305 2623 1451 2666 ignoti),

218 2713 334 2760 2004
378 2714 471 2765 imp.
504 2714 643 2753 Caesar
672 2712 747 2752 divi
778 2713 925 2753 Nervae
955 2713 982 2751 f.
1012 2712 1135 2752 Nerva
1156 2713 1348 2754 Traianus
1369 2715 1468 2766 Aug.
1491 2714 1623 2752 Germ.
1646 2712 1812 2752 Dacicus

106 2784 248 2836 pontif.
270 2782 473 2829 maximus,
504 2780 688 2821 tribunic.
711 2786 892 2832 potestat.
914 2779 1020 2819 Xllll
1031 2780 1057 2828 ¹,
1088 2780 1180 2832 imp.
1205 2781 1266 2829 Vl,
1297 2794 1377 2821 cos.
1401 2780 1444 2828 V,
1475 2793 1513 2832 p.
1537 2793 1589 2832 p.,
1612 2779 1811 2830 equitibus

107 2859 146 2891 et
183 2850 400 2904 peditibus,
441 2850 507 2901 qui
538 2848 802 2888 militaverunt
831 2848 871 2887 in
902 2847 972 2887 alis
1002 2846 1154 2888 duabus
1184 2854 1222 2887 et
1251 2848 1481 2888 cohortibus
1511 2848 1669 2895 decem,
1712 2860 1812 2899 quae

109 2919 358 2970 appellantur
394 2917 444 2967 (1)
476 2916 489 2955 l
530 2916 671 2956 civium
703 2915 969 2954 Romanorum
1010 2920 1048 2954 et
1079 2917 1126 2965 (2)
1158 2915 1173 2953 1
1205 2916 1302 2968 Aug.
1337 2916 1604 2962 ituraeorum,
1646 2921 1684 2954 et
1713 2915 1765 2967 (1)
1795 2915 1810 2954 1

109 2987 206 3036 Aug.
236 2985 480 3025 Ituraeorum
502 2984 675 3035 sagittar.
707 2990 745 3021 et
776 2982 861 3033 (2)1
894 2983 1117 3022 Britannica
1138 2995 1190 3022 00
1216 2995 1250 3022 c.
1273 2982 1318 3022 R.
1349 2989 1388 3022 et
1418 2983 1467 3033 (3)
1490 2982 1504 3021 l
1528 2982 1738 3034 Hispanor.
1771 2995 1809 3034 p.

1466 3049 1536 3082 26*
