1968 3268
114 107 194 146 170
395 113 398 117 ’
423 107 426 110 ’
861 112 980 157 Caput
1001 111 1049 147 11.

222 223 307 270 763
351 227 655 268 clementissimo
683 225 689 280 Ι
715 228 885 280 principi
915 239 959 267 ac
988 223 1121 281 toltius
1151 224 1287 284 o[rb2·]s
1307 229 1419 281 Aug„
1446 229 1453 283 Ι
1479 226 1545 286 [ὦ]
1577 229 1810 273 n.'Va1enti-

112 290 291 349 nil[a]no‚
321 306 506 346 procons.
535 294 541 348 Ι
568 291 671 350 [I]ul.
695 295 820 335 Festi¹
851 307 884 334 v.
905 307 939 334 c.
965 294 1082 334 simul
1106 293 1112 347 Ι
1140 307 1230 334 cum
1251 297 1426 336 Antonio
1455 294 1680 351 Dralcontio
1707 311 1743 339 v,
1774 312 1808 340 c.

109 374 169 414 ag.
200 374 235 401 v,
266 375 305 414 p.
337 362 393 414 p.²
418 361 424 415 Ι
451 363 547 402 ordo
578 359 830 416 Furnitalnus
859 362 1113 402 consecravit.

223 428 266 461 In
288 427 432 471 Africa,
462 428 538 460 loco
562 428 658 462 dicto
682 429 839 461 Henclzir
862 426 1034 461 Msa’adi‘n
1058 429 1121 461 ubi
1143 427 1219 468 fuit
1240 429 1361 463 Furni
1384 430 1494 474 (ΕρΙι.
1517 442 1569 475 ep.
1591 433 1626 472 5,
1648 433 1744 478 518).
1766 452 1812 458 —

112 486 144 527 1)
168 485 428 518 Proconsulatu
451 484 523 517 Iuli
545 483 645 517 Festi
677 485 736 525 (de
768 486 834 518 lioc
856 485 962 519 Festo
987 483 1034 524 cf.
1058 484 1103 519 N.
1126 485 1191 519 768
1222 488 1256 518 et
1279 489 1468 529 praeterea
1499 488 1549 521 ad
1577 488 1720 522 atulam
1742 491 1813 533 ipsi

107 544 263 585 positum
286 544 325 574 in
347 542 435 574 urbe
458 540 570 574 Roma
593 539 695 580 infra
718 541 882 583 editum).
911 560 956 566 —
988 543 1020 584 2)
1045 542 1265 589 Dracontius
1287 544 1382 576 vices
1412 553 1522 586 agens
1547 543 1812 587 praefectorum

108 600 303 642 praetorio,
326 599 350 631 i.
375 609 403 631 e.
427 599 585 630 vicarias
604 608 672 640 per
693 597 871 639 Africam,
895 600 1015 641 posuit
1038 600 1146 631 etiam
1170 600 1314 632 titulum
1335 610 1446 643 supra
1469 600 1514 634 Ν.
1536 600 1613 644 758,
1635 603 1699 635 ubi
1721 600 1770 642 cf.

221 700 305 746 ’764
348 702 521 742 felicitati
554 702 758 755 perpetui¹
779 699 981 757 tempoflris
1003 702 1040 742 d.
1064 703 1379 743 n.Valentiniani
1397 701 1402 758 Ι
1419 705 1577 745 victoris
1596 717 1641 745 ac
1661 705 1813 758 trium}-

108 770 244 810 satoris
280 782 438 821 semper
471 772 570 822 Aug.
598 773 604 819 Ι
636 770 820 810 Avianius
852 771 1079 811 Valentinus
1113 770 1119 824 Ι
1146 784 1180 810 v.
1219 785 1253 811 c.
1293 783 1404 811 cons.
1435 771 1582 825 Camp.‚
1610 770 1617 826 Ι
1650 774 1813 814 devotus

109 837 263 878 numini
289 836 295 888 Ι
321 838 592 890 maiestatique
622 839 718 878 eius.

221 904 377 937 Puteolis
400 915 486 947 rep.‚
510 915 606 937 nunc
629 903 783 947 Neapoli
807 904 857 948 (X
877 905 989 948 4656).
1014 924 1058 929 -—
1085 907 1115 947 1)
1139 905 1215 939 Ser.
1241 909 1435 949 perpetuae.

221 1005 305 1050 ’765
349 1006 479 1058 legum
519 1006 679 1047 domino
720 999 1018 1062 Romalnarum‚
1067 1008 1234 1048 iustitiae
1273 1006 1568 1063 aelquitatisque
1606 1011 1773 1059 rectori,
1804 1008 1811 1064 Ι

110 1075 293 1115 domitori
323 1075 498 1127 gentium
529 1072 808 1128 {barbarum¹‚
843 1073 1119 1130 conservaltori
1150 1075 1352 1123 libertatis,
1383 1076 1420 1115 d.
1452 1090 1492 1117 n.
1525 1077 1580 1117 Fl.
1609 1075 1614 1130 Ι
1641 1077 1813 1117 Valenti-

110 1143 230 1182 niano
260 1141 470 1182 fortissimo
497 1140 503 1196 Ι
530 1143 862 1196 invictissimoque
890 1143 1060 1196 principi
1086 1142 1091 1197 Ι
1120 1156 1277 1196 semper
1297 1145 1486 1197 Augusto,
1514 1147 1521 1194 Ι
1546 1144 1604 1184 Fl.
1625 1145 1814 1185 Maximus

107 1224 142 1250 v.
172 1223 212 1262 p.
243 1211 365 1262 praes.
397 1209 471 1262 vig.
498 1209 505 1262 Ι
531 1210 567 1249 d.
600 1224 639 1250 n.
670 1223 722 1250 m.
753 1224 791 1263 q.
823 1212 918 1251 eius.

221 1276 352 1310 Romae
375 1276 459 1308 olim
483 1277 532 1309 ad
554 1279 690 1310 circum
713 1280 910 1311 maoeimum
929 1278 1000 1321 (VJ
1012 1279 1096 1313 4480
1120 1281 1262 1322 saepius
1285 1279 1463 1322 descripta
1479 1288 1569 1312 saec.
1586 1277 1699 1322 XVI).
1737 1278 1813 1314 Una

107 1337 270 1376 repertus
292 1336 345 1366 est
368 1334 494 1366 titulus
520 1334 650 1366 similis
675 1335 844 1368 Gratiani
868 1336 937 1379 (VI
960 1336 1072 1380 4484).
1105 1356 1146 1361 —
1177 1339 1210 1378 1)
1233 1336 1411 1369 barbarum
1443 1334 1604 1378 exempla
1630 1334 1813 1378 pleraque,

110 1390 325 1424 barbararum
351 1391 536 1424 nonnulla.

224 1491 308 1536 ’766
351 1495 450 1534 votis
475 1493 481 1548 Ι
509 1495 788 1535 decennalibus
814 1494 820 1549 Ι
848 1496 995 1535 domini
1023 1496 1146 1535 nostri
1176 1497 1180 1547 Ι
1208 1496 1468 1536 Valentiniani
1499 1509 1598 1536 max.
1624 1495 1630 1551 Ι
1657 1495 1815 1536 victoris

109 1574 153 1602 ac
183 1562 331 1602 triumf.
359 1560 365 1616 Ι
391 1574 548 1615 semper
577 1564 754 1614 Augusti.

221 1627 350 1661 Romae
381 1640 455 1672 rep.
486 1631 525 1661 in
554 1628 689 1670 Tiberi,
720 1641 793 1664 non
824 1631 976 1663 multum
1006 1642 1027 1663 a
1061 1630 1106 1665 Ν.
1129 1631 1192 1665 769
1217 1630 1322 1674 (ΕρΙι.
1352 1633 1464 1674 epigr.
1488 1631 1597 1675 4,779
1628 1630 1815 1673 descripsit

108 1686 296 1729 Schmidt).

222 1776 306 1821 767
349 1778 507 1829 largitas
537 1778 572 1817 d.
605 1791 644 1817 n.
676 1779 939 1818 Valentiniani
972 1780 1148 1830 Augusti.

221 1844 264 1876 In
303 1844 414 1886 clipeo
453 1847 603 1886 argento
635 1856 709 1887 rep.
740 1856 773 1878 a.
804 1846 888 1878 4724
924 1856 1035 1889 prope
1069 1845 1246 1879 Genavam
1277 1847 1317 1878 in
1345 1846 1444 1879 Arva
1473 1846 1531 1888 IL,
1566 1848 1620 1878 est
1651 1844 1814 1892 Genavae

110 1899 198 1943 (XII
208 1900 304 1940 5697,
321 1902 343 1933 5
367 1901 460 1932 vidit
483 1900 702 1945 Mommsen).

221 2000 307 2045 ‘768
351 2002 463 2042 bellis
501 2010 664 2043 strenuo
702 2003 708 2055 Ι
741 2004 971 2055 optimoque
1010 2004 1185 2044 consiliis
1212 2005 1217 2054 Ι
1243 2004 1280 2043 d.
1322 2017 1360 2044 n.
1397 2005 1454 2044 Fi.
1485 2005 1637 2044 Valenti
1673 2004 1812 2044 victori

110 2082 155 2109 ac
181 2068 188 2122 Ι
214 2070 449 2110 triumfatori
474 2083 630 2122 semper
651 2072 762 2123 Aug„
789 2073 795 2121 Ι
822 2071 943 2111 Iulius
966 2072 1103 2112 Festus
1124 2084 1155 2111 v.
1179 2084 1213 2110 c.
1242 2071 1247 2123 Ι
1274 2084 1346 2124 pro
1368 2072 1530 2113 consule
1550 2085 1589 2125 p.
1610 2072 1669 2111 Α)
1697 2071 1703 2124 Ι
1730 2072 1812 2111 vice

109 2149 216 2177 Sacra
248 2149 506 2189 cognoscens-

225 2203 442 2246 Carthagine
467 2205 581 2248 (Eph.·
600 2207 711 2248 epigr.
735 2207 768 2245 ὅ,
794 2205 912 2249 4227).
938 2224 979 2230 --
1009 2207 1039 2246 1)
1066 2204 1120 2245 Cf.
1146 2205 1190 2239 Ν.
1215 2206 1291 2240 765.

221 2304 304 2350 ’769
348 2307 442 2359 imp.
475 2308 627 2348 Caesari
660 2308 696 2347 d.
729 2322 768 2348 n.
804 2309 810 2360 Ι
838 2308 893 2348 Fl.
926 2308 1078 2348 Valenti
1114 2321 1214 2348 max.
1248 2322 1285 2360 p.
1318 2310 1344 2348 f.
1379 2309 1515 2349 victori
1551 2321 1597 2349 ac
1630 2309 1638 2363 Ι
1670 2308 1809 2348 trium-

110 2375 223 2416 fatori
248 2387 404 2426 semper
425 2377 521 2427 Aug.
550 2374 556 2428 Ι
583 2390 612 2416 s.
645 2389 683 2428 p.
715 2389 751 2428 q.
777 2376 822 2415 R.
850 2374 855 2429 Ι
883 2376 933 2415 ob
965 2377 1259 2428 providentiam.
1291 2388 1390 2428 quae
1421 2376 1474 2416 illi
1504 2388 1661 2429 semper
1685 2375 1691 2429 Ι
1718 2389 1808 2418 cum

110 2444 256 2496 inclyto
288 2445 406 2483 fratre
437 2445 659 2484 communis
689 2451 760 2491 est,
787 2443 794 2495 Ι
820 2444 986 2483 instituti
1017 2457 1063 2484 ex
1094 2445 1258 2484 utilitate
1288 2444 1397 2484 urbis
1427 2449 1608 2484 aeternae
1635 2448 1641 2494 Ι
1667 2444 1810 2485 Valen-

109 2512 247 2551 tiniani
269 2512 400 2562 pontis
421 2518 498 2562 atq.
521 2513 684 2562 perfecti
695 2512 719 2558 ¹,
745 2510 750 2565 Ι
773 2512 977 2551 dedicandi
1003 2512 1133 2564 operis
1153 2513 1306 2552 honore
1327 2511 1454 2551 delato
1474 2511 1618 2551 iudicio
1640 2512 1808 2565 princip.

109 2579 312 2618 maximor.
341 2576 346 2631 Ι
373 2578 415 2617 L.
448 2581 540 2617 Aur.
573 2579 734 2618 Avianio
765 2580 997 2631 Symmacho
1027 2593 1061 2618 v.
1093 2593 1127 2619 c.
1159 2593 1205 2619 ex
1236 2578 1443 2632 praefectis
1473 2577 1593 2618 urbi.²

223 2644 353 2677 Romae
369 2655 443 2687 rep.
461 2645 509 2677 ad
522 2649 664 2687 pontem
680 2646 786 2687 vulgo
801 2646 934 2678 dictum
948 2645 1057 2688 Sia-li,
1075 2647 1169 2686 olim,
1185 2648 1226 2678 ul
1241 2656 1287 2678 ea:
1303 2646 1368 2678 hoc
1384 2645 1489 2678 titulo
1504 2648 1664 2688 apparet,
1682 2644 1810 2679 Valen-

110 2705 288 2735 tinianum
303 2701 407 2744 (Eph.
417 2712 467 2744 ep.
476 2702 609 2745 4‚800).
618 2720 660 2726 -
674 2701 922 2740 1)Recensetm·
929 2712 1022 2744 pons
1036 2702 1312 2735 Valentinianus
1324 2703 1418 2733 inter
1432 2704 1556 2743 pontes
1566 2702 1668 2734 urbis
1679 2700 1811 2735 Romae

109 2761 149 2792 in
170 2758 394 2792 mirabilibus
417 2767 506 2799 quae
527 2757 697 2790 dicuntur
715 2757 786 2800 (ap.
805 2758 938 2790 lor-dan
957 2761 1025 2800 top.
1044 2758 1128 2801 Hp.
1144 2758 1242 2802 647),·
1266 2757 1326 2790 sed
1340 2758 1403 2789 ubi
1417 2756 1542 2799 liter-it,
1560 2759 1807 2800 ignorabatur.

109 2835 154 2840 —-
179 2817 213 2856 2)
231 2815 374 2847 Pontem
399 2815 516 2855 operis
539 2813 725 2855 magnifici
741 2812 871 2845 Romae
890 2812 1026 2852 factum
1043 2825 1086 2847 ac
1101 2815 1303 2847 dedicatum
1319 2824 1391 2846 esse
1407 2825 1428 2846 a
1447 2813 1658 2857 Symmacho
1681 2817 1811 2847 narrat

110 2872 320 2904 Ammianus
343 2870 397 2912 27,
420 2872 455 2912 5,
478 2870 523 2910 3,·
554 2869 756 2901 dedicatum
784 2880 856 2901 esse
887 2871 930 2902 ah
961 2881 1000 2902 eo
1033 2881 1104 2904 non
1133 2873 1172 2903 in
1191 2869 1423 2914 praefectura
1448 2863 1601 2903 urbis'a.
1625 2871 1709 2913 364,
1739 2880 1809 2913 quo

110 2928 247 2960 ducunt
267 2929 374 2960 verba
401 2928 592 2968 Ammiani,
616 2926 681 2958 sed
701 2928 834 2968 postea,
857 2927 1006 2968 speciali
1027 2929 1231 2970 principum
1255 2925 1443 2966 mandato,
1468 2926 1570 2959 docet
1591 2928 1650 2959 llic
1674 2927 1808 2960 titulus.

111 2984 163 3017 De
188 2983 400 3027 Symmacho
426 2982 471 3023 cf:
496 2994 607 3026 supra
631 2982 678 3016 N.
700 2983 765 3016 726
789 2986 823 3014 et
844 2986 1027 3025 praeterea
1052 2983 1151 3023 infra
1177 2984 1226 3016 ad
1247 2982 1392 3015 tilulum
1413 2983 1484 3024 ipsi
1507 2982 1716 3018 dedicatum.
