1968 3268
156 135 241 177 5¹72
916 139 1034 184 caput
1056 138 1102 175 X.

157 251 297 285 Herode
318 252 457 292 Attico,
488 254 574 285 noto
596 252 772 295 sophista,
803 251 945 285 consule
975 252 1163 287 ordinario
1194 264 1226 287 a.
1251 254 1328 297 443,
1350 254 1491 288 Anniae
1520 254 1678 298 fleg-illae
1708 259 1855 303 emungi

159 308 300 341 dicatas
331 308 410 341 vide
441 307 475 342 C.
507 308 533 341 1.
560 306 619 341 Gr.
642 307 739 342 6485.
763 308 851 342 6280
871 325 915 338 =
935 308 1045 342 Inscr.
1080 308 1139 344 Gr.
1164 308 1263 345 Sicil.
1287 310 1367 344 Ital.
1390 311 1480 346 4589
1510 313 1572 352 (==
1590 311 1715 346 Kaibel
1739 314 1855 358 epigr.

161 363 221 399 Gr.
243 365 353 409 4046).
379 365 480 399 4592.
1838 368 1840 370 ’

273 453 384 499 2931
430 456 472 495 Ρ.
503 456 602 495 Alfio
633 456 675 496 P.
707 457 734 495 f.
765 455 847 495 Gal.
875 454 882 510 Ι
907 456 1074 496 Maximo
1095 457 1254 498 Numer.
1281 460 1287 511 Ι
1313 458 1517 499 Liciniano
1539 458 1657 500 Xviro
1686 459 1857 502 stlitibus

161 522 369 572 iudicand.,
397 522 403 577 Ι
431 525 627 575 quaestori
658 524 823 573 urbano,
854 524 1014 564 tribuno
1044 525 1173 578 plebei
1198 524 1205 574 Ι
1231 527 1447 577 candidato,
1477 527 1647 580 praetori
1670 526 1679 583 Ι
1705 527 1859 569 Parthi-

159 591 304 639 cario¹,
331 590 337 645 Ι
366 591 407 630 Ρ.
439 592 561 632 Alfius
592 593 726 633 Avitus
755 593 913 632 Numer.
942 594 948 643 Ι
974 592 1198 634 Maternus²
1227 594 1342 643 filius,
1369 596 1376 645 Ι
1400 595 1503 647 patri
1531 594 1742 636 dulcissim.

277 656 496 699 Tarracone,
528 670 624 692 nunc
656 661 695 692 in
726 660 860 703 Anglia
893 660 946 700 (11
967 660 1050 694 4440
1079 661 1171 694 vidit
1195 661 1385 702 Huebner).
1409 679 1453 686 -—
1482 662 1513 704 1)
1543 662 1693 696 Praetor
1714 663 1858 697 Parthi-

160 715 279 747 carius
302 716 334 746 is
365 718 433 755 est,
467 717 527 748 cui
559 726 646 749 cura
672 717 837 750 ludorum
859 728 926 760 pro
961 718 1116 750 victoria
1152 716 1303 750 Traiani
1324 718 1492 751 Parthica
1523 719 1566 751 ab
1590 717 1774 752 Hadriano
1803 721 1859 753 in-

157 772 368 804 stitutorum
401 774 616 815 competebat
648 773 857 816 (Mommsen
882 774 1034 807 Staatsr.
1059 773 1120 806 11⁸
1145 784 1183 816 p.
1206 774 1276 808 257
1302 777 1374 808 not.
1397 775 1447 816 ὅ).
1472 792 1517 798 -
1541 774 1574 817 2)
1604 773 1775 809 Fortasse
1797 777 1856 810 hic

159 830 211 860 est
233 828 349 868 Alfius
371 828 500 861 Avitus
530 831 592 871 qui
624 829 784 862 dimetris
811 832 956 874 scripsit
978 830 1087 863 libros
1110 831 1306 873 complures
1335 841 1456 864 rerum
1485 830 1748 875 excellentium,
1779 832 1856 866 lau-

158 884 264 917 datus
277 895 297 916 a
316 883 528 917 Terentiano
541 885 670 919 Mauro
690 887 738 927 (v.
751 887 855 931 2448)
873 890 908 919 et
924 898 945 919 a
960 887 1078 920 Mario
1093 886 1280 920 Victorino
1294 890 1361 922 art.
1373 897 1528 930 gramm.
1540 887 1599 921 III
1612 887 1663 931 (p.
1675 887 1741 923 45⁷
1753 888 1857 934 Keil).

272 974 387 1021 2932
431 977 468 1016 d.
499 990 550 1016 m.
578 976 584 1032 Ι
611 977 654 1017 Ρ.
687 978 817 1018 Livius
846 979 1050 1019 Larensis¹
1086 977 1092 1031 Ι
1126 978 1267 1031 pontif.
1297 978 1447 1028 minor,
1483 977 1490 1032 Ι
1523 979 1588 1020 hic
1618 979 1716 1020 situs
1744 986 1816 1021 est.
1849 979 1856 1034 Ι

158 1045 342 1085 Cornelia
372 1045 518 1092 Quinta
544 1045 549 1100 Ι
577 1046 716 1085 marito
747 1047 1042 1099 incomparabili
1068 1045 1074 1101 Ι
1102 1047 1204 1086 fecit.

273 1111 403 1145 Romae
428 1111 500 1155 (VI
518 1113 610 1146 2426
634 1113 725 1145 vidit
748 1112 917 1154 Henzen).
942 1132 986 1137 —-
1014 1115 1044 1154 1)
1069 1113 1133 1145 Hic
1157 1115 1209 1145 est
1231 1109 1446 1160 Λαρήνσιος
1475 1113 1574 1156 apud
1604 1124 1706 1156 quem
1733 1115 1858 1158 dipno-

161 1169 336 1224 sophistas
367 1179 449 1202 suos
480 1170 707 1201 convivantes
742 1169 884 1202 inducit
913 1170 1123 1202 Athenaeus.
1184 1167 1236 1208 Cr.
1267 1179 1357 1212 quae
1387 1171 1539 1212 eoeposui
1569 1169 1685 1204 Herm.
1716 1171 1784 1205 vol.
1811 1172 1858 1206 25

156 1235 192 1267 p.
219 1224 293 1257 456.

275 1302 389 1349 2933
434 1301 502 1361 [M.
538 1300 768 1359 Ca]ecilius¹
800 1304 846 1351 Q.
869 1306 894 1344 f.
926 1305 991 1352 Q?
1019 1305 1163 1345 Natalis
1193 1305 1291 1355 aed„
1321 1305 1462 1354 Illvir.,
1493 1304 1701 1361 quaesltor‚
1731 1319 1770 1360 q.
1791 1307 1857 1360 q.³,

158 1374 300 1427 praef.⁴
330 1373 573 1413 coloniarum
596 1372 839 1412 Milevitanae
869 1378 907 1412 et
931 1371 938 1425 Ι
965 1373 1240 1414 Rusicadensis
1268 1379 1308 1413 et
1328 1373 1581 1423 Chullitanae,
1611 1380 1768 1426 praeter
1786 1374 1862 1416 HS·

159 1440 165 1494 Ι
201 1431 272 1481 ΙῙΪ
297 1442 365 1489 n.⁶‚
396 1453 495 1492 quae
526 1440 575 1479 ob
606 1440 799 1479 honorem
829 1440 1031 1481 aedilitalis
1061 1448 1099 1481 et
1128 1441 1251 1481 lIIvir.
1279 1443 1286 1491 Ι
1312 1448 1350 1481 et
1379 1454 1444 1494 qq.
1475 1442 1532 1482 rei
1560 1455 1599 1495 p.
1630 1441 1782 1491 intulit,
1820 1449 1860 1483 et

161 1516 326 1550 statuam
359 1521 509 1549 aeream
532 1507 770 1561 Securiltatis
799 1508 977 1558 saeculi⁶‚
1009 1515 1047 1548 et
1076 1509 1289 1549 aediculam
1318 1510 1556 1563 tetrastylam
1582 1507 1589 1564 Ι
1614 1514 1705 1550 cum
1734 1515 1860 1551 statua

160 1590 271 1617 aerea
296 1576 567 1628 Indulgentiae
596 1574 756 1629 dolmini
788 1577 911 1617 nostri
922 1577 948 1625 ⁶,
980 1589 1076 1628 quas
1106 1577 1145 1616 in
1177 1578 1330 1617 honore
1358 1575 1572 1632 aedillitatis
1602 1583 1641 1617 et
1661 1577 1859 1620 Illviratus

159 1646 310 1698 posuit,
350 1651 389 1684 et
424 1644 537 1683 ludos
571 1641 784 1696 scaelnicos
814 1644 950 1684 diebus
991 1651 1160 1697 septem,
1202 1658 1301 1697 quos
1331 1657 1420 1685 cum
1460 1643 1646 1700 missillib.
1685 1658 1758 1698 per
1785 1645 1860 1686 1111

160 1714 359 1754 colonias⁷
390 1712 521 1761 edidit,
553 1725 686 1751 arcum
718 1709 1006 1767 trilumphalem
1039 1725 1129 1752 cum
1158 1719 1284 1753 statua
1315 1725 1427 1753 aerea
1448 1713 1609 1753 Virtutis
1637 1713 1788 1754 domini
1818 1725 1858 1754 n.

163 1781 167 1836 Ι
192 1781 381 1821 Antonini
401 1780 530 1833 Aug.⁸‚
562 1793 678 1832 quem
710 1780 760 1819 ob
784 1780 975 1820 honorem
998 1778 1385 1836 quinquenlnalitatis
1404 1781 1599 1834 pollicitus
1620 1786 1690 1830 est,
1721 1779 1860 1822 eodem

159 1863 265 1890 anno
296 1862 365 1889 sua
391 1849 396 1902 Ι
423 1849 591 1901 pecunia
622 1851 803 1887 extruxit.

275 1917 393 1950 Cirtae
419 1915 681 1959 (Constantine)
710 1914 815 1955 (VIII
834 1914 919 1948 7095
943 1915 1035 1947 vidit
1060 1914 1289 1959 Wilmanns).
1334 1915 1468 1949 Eodem
1491 1914 1568 1948 loco
1591 1917 1754 1958 repertae
1775 1918 1860 1950 sunt

162 1977 233 2006 tres
266 1973 358 2005 aliae
390 1974 639 2015 inscriptiones
668 1972 775 2014 plane
806 1971 931 2003 iisdem
953 1971 1068 2003 verbis
1099 1972 1294 2014 inscriptae
1325 1972 1389 2004 sed
1418 1973 1535 2005 minus
1559 1973 1722 2014 integrae
1754 1971 1859 2013 (Vm

159 2030 242 2063 7096
250 2029 425 2072 -7098)‚
464 2031 653 2071 praeterea
698 2038 771 2061 una
807 2028 926 2060 eadem
962 2029 1067 2061 verba
1103 2029 1272 2061 exhibens
1305 2028 1367 2061 sed
1410 2029 1449 2061 in
1490 2029 1630 2061 brevius
1673 2031 1858 2063 eontracta

162 2086 270 2128 (VIII
281 2085 393 2129 7094).
434 2084 596 2127 Quinque
620 2085 685 2117 hae
707 2085 959 2127 inscriptiones
979 2085 1233 2127 pertinuerunt
1255 2084 1304 2117 ad
1319 2094 1442 2117 arcum
1465 2083 1714 2127 triumphalem
1736 2095 1758 2118 a
1777 2084 1859 2119 cae-

160 2142 245 2175 cilio
268 2141 399 2174 Natale
423 2143 464 2174 ob
491 2142 659 2174 honorem
684 2141 1027 2184 quinquennalitatis
1050 2142 1247 2183 imperante
1272 2140 1457 2175 Caracalla
1490 2139 1556 2181 (cf.
1579 2142 1652 2174 not.
1677 2141 1710 2174 6.
1732 2140 1771 2185 8)
1796 2151 1860 2174 ea:-

159 2200 344 2230 structum.
395 2197 566 2230 Caecilius
589 2196 733 2230 Natalis
757 2198 788 2229 is
813 2199 874 2240 qui
898 2197 994 2240 apud
1016 2196 1214 2230 Minucium
1239 2196 1392 2230 Felicem
1415 2199 1456 2230 in
1478 2197 1623 2238 dialogo
1648 2198 1711 2240 qui
1731 2198 1860 2230 inseri-

162 2255 259 2286 bitur
294 2253 460 2286 Octavius
490 2255 597 2286 verba
629 2252 721 2293 facit
750 2257 876 2287 contra
909 2253 1147 2295 Christianos,
1178 2252 1347 2286 Cirtensis
1384 2251 1458 2292 fuit
1489 2252 1582 2296 (cap.
1605 2254 1648 2287 9.·
1673 2247 1860 2287 ‘Cirtensis

160 2312 275 2343 nostri
284 2306 305 2352 ',
330 2308 376 2349 cs'.
403 2321 430 2343 c.
454 2311 518 2344 54.-
543 2305 643 2342 ‘tuus
666 2304 861 2353 Fronto')‚
893 2320 956 2342 nec
980 2310 1139 2342 diversus
1161 2307 1315 2349 fortasse
1338 2310 1381 2342 ab
1405 2310 1471 2342 hoc
1493 2312 1626 2344 nostro.
1648 2326 1694 2335 —
1718 2311 1750 2352 1)
1776 2308 1861 2343 Tres

159 2369 296 2409 primas
322 2366 460 2399 litteras
482 2367 643 2409 supplevi
666 2377 711 2399 ea:
738 2366 827 2401 VIII
845 2367 939 2400 7097.
961 2367 1058 2400 7098.
1075 2385 1117 2390 -
1143 2367 1177 2407 2)
1202 2365 1367 2408 Quirina.
1383 2384 1429 2391 —
1453 2367 1486 2405 3)
1504 2365 1798 2409 Quinquennalis.
1814 2384 1859 2391 —-·

163 2425 196 2465 4)
221 2423 273 2454 De
295 2415 524 2466 praefectura
549 2424 658 2456 trium
681 2422 905 2455 coloniarum
929 2424 1118 2456 coniuncta
1135 2433 1213 2456 cum
1230 2423 1461 2455 triumviratu
1477 2425 1514 2454 et
1528 2421 1860 2465 quinquennalitate

121 2472 124 2476 ¹
163 2478 323 2511 coloniae
349 2478 519 2512 Cirtensis
544 2478 590 2518 cll
618 2479 651 2512 C.
677 2479 768 2512 VIII
785 2490 820 2521 p.
843 2479 916 2512 649.
940 2497 985 2503 -
1010 2480 1042 2522 5)
1066 2480 1135 2512 Pro
1159 2478 1311 2521 singulis
1334 2479 1547 2520 honoribus,
1571 2488 1640 2521 pro
1664 2477 1857 2519 aedilitate,

162 2545 229 2577 pro
265 2536 513 2577 triumviratu,
549 2546 617 2578 pro
651 2535 996 2578 quinquennalitate‚
1028 2537 1082 2568 rei
1106 2535 1271 2578 publicae
1302 2534 1476 2567 intulerat
1502 2535 1703 2567 sestertium
1732 2535 1859 2568 vicena

164 2591 277 2623 milia.
301 2610 343 2614 —
370 2593 403 2633 6)
428 2591 593 2624 Statuam
618 2591 831 2624 Securitatis
854 2592 989 2625 saeculi
1011 2593 1134 2634 posuit
1156 2591 1299 2633 aedilis,
1328 2590 1526 2623 aediculam
1549 2600 1629 2623 eum
1655 2592 1776 2623 stam
1798 2589 1860 2623 In-

166 2647 369 2689 dulgentiae
398 2649 645 2689 imperatoris,
676 2648 854 2680 dedicavit
877 2649 1054 2682 triumvir.
1100 2648 1160 2680 Ad
1191 2648 1282 2680 hanc
1312 2646 1510 2679 aediculam
1538 2646 1715 2689 pertinuit
1736 2646 1881 2680 titulu-

166 2703 256 2736 VIII
281 2704 383 2743 6996,
421 2715 466 2736 ea·
502 2714 569 2746 quo
603 2703 787 2745 colligitur
818 2706 1047 2737 triumviratu
1084 2692 1247 2743 functum
1286 2712 1357 2734 esse
1385 2701 1551 2735 Natalem
1580 2712 1674 2743 anno
1704 2701 1782 2737 2¹0.
1813 2719 1860 2728 -

169 2760 200 2800 7)
220 2759 483 2801 significantur
501 2759 599 2793 Cirta
621 2762 655 2791 et
678 2763 748 2792 tres
771 2760 931 2793 coloniae
948 2771 1025 2794 cum
1050 2771 1090 2792 ea
1116 2761 1347 2798 contributae,
1371 2758 1488 2799 Milev,
1511 2757 1696 2801 Rusicade,
1720 2755 1858 2791 Chullu.

166 2833 210 2839 —
236 2817 267 2857 8)
292 2816 532 2858 Significatur
557 2815 753 2849 Caracalla.

279 2905 391 2950 2934
436 2908 475 2947 C.
509 2908 625 2947 Sallio
656 2908 921 2947 Aristaeneto¹
962 2920 994 2946 c.
1026 2920 1079 2954 v.‚
1115 2908 1121 2956 Ι
1157 2905 1390 2958 septemviro
1428 2905 1662 2957 epulonum,
1695 2904 1704 2954 Ι
1735 2902 1857 2943 sodali

172 2974 384 3024 Augustali,
416 2973 590 3029 iuridilco
621 2988 693 3026 per
723 2975 910 3014 Picenum
942 2980 980 3013 et
1009 2974 1201 3026 Apuliam,
1227 2972 1234 3026 Ι
1261 2973 1434 3012 curatori
1461 2973 1609 3011 viarum
1637 2969 1815 3009 Aureliae
1847 2967 1854 3024 Ι

171 3039 372 3080 Corneliae
392 3042 649 3093 triumphalis,
676 3041 683 3094 Ι
709 3042 881 3092 praetori
900 3041 937 3080 k.
959 3041 1154 3088 tutelario,
1184 3040 1381 3091 quaestori
1406 3039 1413 3092 Ι
1438 3039 1638 3089 designato
1660 3043 1699 3076 et
1719 3036 1856 3076 eodem
