1968 3268
471 155 587 191 Tituli
608 154 770 191 virorum
793 157 832 192 et
853 155 1045 192 mulierum
1068 155 1206 192 ordinis
1230 155 1417 192 senatorii.
1710 157 1794 196 225

86 270 265 310 urbanus,
294 268 412 302 editus
440 269 484 302 ab
510 269 682 303 Hnelseno
705 268 822 303 Mimz.
852 269 913 302 des
936 269 1146 318 arclalnst.
1169 271 1210 303 in
1231 268 1331 304 Rom.
1363 269 1450 304 4888
1466 280 1506 313 p.
1529 271 1590 311 84,
1621 269 1796 310 Africani

90 325 181 361 7111
198 325 297 360 2478.
320 326 420 366 4676,
453 326 575 368 tegula
604 327 763 359 incertae
793 326 949 368 originis
972 325 1063 360 7111
1080 325 1189 361 40962
1211 342 1259 356 =
1278 325 1315 360 X
1332 327 1430 367 8045,
1453 326 1510 361 42.
1537 345 1584 351 —-
1606 327 1641 370 2)
1666 326 1798 361 Consul

86 382 163 424 fnit
182 383 354 425 suffectus
375 393 410 416 a.
426 381 488 417 406
513 382 707 426 (712046,’
728 382 764 416 X
773 381 888 426 5670).
912 401 957 407 -
982 383 1016 424 3)
1038 382 1083 417 Α.
1101 382 1174 416 447.
1190 402 1235 407 --
1251 384 1287 424 4)
1310 382 1468 426 Legatus
1491 383 1643 426 leg-tonis
1665 385 1794 418 tertiae

86 442 275 482 Augustae.-
296 437 374 479 l'nit
394 450 427 472 a.
450 439 514 473 404
535 439 594 472 vel
615 439 679 473 405
704 438 942 482 (71112478).
965 457 1011 463 —-
1035 440 1069 481 5)
1091 438 1213 472 Filius
1238 438 1299 482 (de
1321 440 1389 472 hoc
1411 437 1460 479 cs:
1482 438 1530 473 Ν.
1544 440 1657 484 4064).

198 540 313 588 1030
354 544 392 583 d.
423 556 475 584 m.
503 541 510 598 Ι
534 543 714 583 Miniciae
734 543 939 583 Marcellae
965 540 972 595 Ι
998 542 1180 583 Fundani
1199 544 1243 583 f.¹
1262 563 1266 590 ς
1283 557 1318 583 v.
1349 556 1383 584 a.
1404 543 1477 584 ΧΠ
1505 556 1558 584 m.
1578 543 1632 584 XI
1652 544 1690 584 d.
1711 544 1793 584 vn.

198 611 315 653 Propo
343 609 489 644 Romam
517 620 593 652 rep.
630 612 670 642 in
701 609 791 642 colle
821 609 1016 652 Vaticano,
1045 610 1110 642 ubi
1140 609 1275 643 dicitur
1301 620 1403 644 mons
1424 610 1565 644 Marius
1596 610 1669 654 (71
1686 611 1793 645 46654

85 666 198 700 deser.
212 666 382 710 Dreml).
396 685 444 691 —
463 668 494 709 1)
510 666 625 699 Huius
645 665 786 708 puellae
807 668 957 699 mortem
981 665 1086 706 deflet
1106 666 1246 699 Plinius
1268 677 1320 711 ep.
1335 669 1370 710 5,
1385 667 1427 701 46
1450 677 1546 701 anno
1561 667 1627 701 405
1650 668 1706 701 vel
1718 668 1794 702 406.

83 721 199 757 Pater
221 724 256 756 ei
277 722 354 763 fuit
368 722 538 756 Minicius
552 722 754 756 Fundanus
777 721 902 754 consul
922 722 1005 764 suff:
1030 733 1064 757 a.
1082 722 1155 763 407,
1174 723 1373 766 proconsul
1386 725 1495 758 Asiae
1516 725 1580 757 sub
1603 724 1791 758 Hadriano

86 779 230 823 (Eusob.
255 781 288 814 Ιι.
312 780 395 815 eccl.
418 781 450 820 4,
465 780 516 824 9).

197 880 307 927 1031
353 881 533 923 Claudiae
559 880 566 935 Ι
592 881 651 921 Ti.
689 882 715 921 f.
742 880 750 934 Ι
775 881 1023 921 Marcellinae
1048 879 1055 934 Ι
1082 880 1216 921 Bellici
1248 882 1447 922 Sollertis¹
1474 881 1481 934 Ι
1507 895 1602 931 cos„
1628 882 1636 937 Ι
1661 883 1712 924 Μ.
1753 890 1793 925 et

82 950 130 998 Q.
160 950 346 991 Hortensi
372 949 380 1003 Ι
405 946 622 1006 [P]au1inus
651 957 689 989 et
719 949 887 989 Firmus.

195 1016 357 1050 Veronae
382 1016 544 1060 (75558
565 1016 660 1049 vidit
674 1016 896 1060 Mommsen).
918 1035 963 1040 —
992 1016 1023 1058 1)
1045 1015 1187 1048 Emtant
1209 1016 1350 1059 tegulae
1367 1018 1563 1060 inscriptae
1585 1020 1790 1052 nominibus

83 1072 254 1121 Claudiae
281 1073 513 1107 Mar-collinae
539 1075 574 1105 et
601 1072 644 1106 L.
666 1072 795 1106 Bellica·
826 1072 991 1106 Seuer-tis
1024 1072 1114 1115 (XV
1126 1073 1316 1107 954-956.
1339 1074 1434 1118 887).
1487 1073 1620 1108 Sollers
1647 1075 1791 1108 videtur

41 1152 43 1154 ·
79 1129 173 1164 idem
196 1140 269 1163 esse
292 1131 356 1174 qui
370 1132 591 1163 memoratur
606 1141 627 1162 a
644 1130 763 1163 Plinio
779 1140 832 1172 ep.
847 1131 881 1171 5,
897 1130 929 1162 4.
977 1128 1037 1162 Ea·
1060 1129 1175 1161 titulis
1194 1129 1455 1166 Veronensibus
1472 1130 1507 1164 C.
1525 1131 1559 1165 V
1572 1131 1678 1166 5557.
1693 1133 1788 1167 5556

80 1189 231 1231 apparet
251 1196 331 1219 eum
354 1186 469 1227 filium
484 1184 596 1226 fuisse
615 1185 665 1219 Τι’.
684 1185 827 1219 Claudii
841 1185 1051 1227 Augustani
1073 1187 1109 1217 et
1130 1188 1246 1226 antea,
1269 1186 1407 1219 seilicet
1427 1190 1512 1220 ante
1534 1198 1642 1231 quam
1665 1189 1774 1232 adop-

79 1247 220 1277 taretur
233 1245 265 1277 ἀ
287 1243 437 1276 Bellicio
462 1243 615 1286 quodam
640 1242 799 1285 Seuer-te,
822 1242 957 1275 dictum
978 1240 1091 1282 fuisse
1116 1241 1304 1275 Claudium
1327 1243 1509 1286 Ahpinum.

191 1346 306 1393 1032
349 1376 717 1386 ............
721 1347 732 1367 ¹
759 1345 766 1399 Ι
792 1345 867 1385 divi
897 1345 1054 1386 Traiani
1083 1347 1182 1398 Aug.
1212 1358 1321 1398 prov.
1349 1345 1356 1400 Ι
1381 1346 1620 1397 Britanniae,
1651 1355 1775 1389 curat.

78 1428 212 1468 aquar.
246 1415 253 1468 Ι
286 1414 416 1463 urbis,
451 1426 534 1466 ρι·.,
563 1414 654 1453 trib.
686 1414 766 1453 mil.
798 1414 874 1466 leg.
905 1413 976 1452 XII
1006 1411 1249 1468 Fullmiuat„
1289 1414 1385 1454 salio
1415 1415 1561 1465 Palat.,
1592 1424 1743 1469 quaest.

78 1485 194 1536 Aug„
225 1489 348 1523 curat.
380 1488 557 1522 actorum
587 1481 796 1533 sena1tus2,
826 1481 976 1521 adlecto
1006 1481 1112 1521 inter
1139 1482 1277 1534 patric.
1304 1480 1311 1535 Ι
1337 1482 1385 1522 ab
1415 1483 1503 1523 divo
1533 1484 1784 1538 Vespasiano,

79 1551 205 1592 Illvir.
232 1548 239 1603 Ι
264 1562 298 1589 3.
329 1562 363 1589 3.
393 1563 427 1589 3.
460 1550 486 1589 f.
517 1550 558 1598 f.‚
586 1548 592 1603 Ι
618 1562 665 1589 ex
696 1556 930 1590 testamento
960 1548 1138 1588 Vettillae
1167 1549 1264 1589 eius.

193 1617 340 1660 Saepini
368 1618 407 1649 in
439 1615 586 1650 Samnio
616 1615 685 1658 (IX
706 1617 792 1649 2456
825 1615 917 1648 vidie
945 1614 1115 1657 Dressel).
1143 1634 1188 1640 —
1222 1616 1253 1657 1)
1281 1615 1502 1660 Rincipium
1534 1619 1785 1662 inscriptionis

78 1676 247 1708 abrasum
269 1683 342 1706 non
365 1674 408 1706 ob
431 1674 638 1705 memoriam
669 1674 742 1704 viri
772 1672 995 1714 damnatam,
1026 1671 1089 1703 sed
1109 1681 1189 1704 cum
1213 1672 1306 1715 lapis
1329 1674 1448 1706 nescio
1473 1684 1542 1716 quo
1566 1678 1721 1719 tempore
1743 1680 1783 1710 in

77 1731 171 1766 alios
192 1741 279 1764 usus
303 1731 499 1762 verteretur
524 1728 640 1772 (Mo).
687 1728 960 1771 suscriptionem
980 1728 1155 1770 Borghesi
1178 1738 1261 1762 ann.
1285 1730 1367 1762 inst.
1391 1730 1491 1763 arch.
1514 1730 1602 1765 4852
1620 1743 1660 1775 p.
1675 1734 1722 1766 20
1737 1749 1782 1762 =

78 1798 157 1832 opp.
178 1789 202 1821 5
223 1798 260 1830 p.
283 1788 352 1821 559
378 1786 617 1829 probabiliter
641 1786 768 1817 tribuit
790 1784 832 1817 L.
855 1783 1007 1817 Neratio
1023 1784 1204 1827 Marcello,
1228 1795 1330 1827 quem
1355 1786 1511 1828 legatum
1533 1789 1596 1821 sub
1625 1788 1781 1825 Traiano

79 1845 129 1888 (a.
153 1844 235 1887 405)
262 1843 471 1877 Britanniae
498 1840 612 1881 fuisse
634 1843 774 1874 constat
799 1839 902 1883 (dipl.
926 1841 1013 1880 mil„
1039 1840 1075 1875 C.
1099 1840 1156 1873 111
1170 1851 1211 1884 p.
1233 1842 1314 1885 864)
1339 1844 1375 1874 et
1397 1844 1499 1875 cuim
1520 1842 1637 1883 fratri
1659 1846 1781 1881 Prisco

76 1903 160 1934 item
186 1900 335 1943 Saepini
354 1900 464 1941 positi
485 1901 570 1930 sunt
591 1898 692 1930 tituli
714 1896 759 1930 N.
775 1897 876 1932 4055.
893 1897 1003 1938 4054,·
1027 1897 1151 1930 consul
1171 1899 1303 1931 iterum
1326 1899 1534 1933 ordinarius
1555 1899 1632 1941 fuit
1653 1914 1686 1936 a.
1702 1905 1781 1939 429,

76 1958 131 1991 Ab
148 1957 268 1990 eodem
283 1956 426 1988 videtur
442 1954 589 1998 Saepini
614 1954 796 1987 dedicatus
819 1964 892 1986 esse
908 1964 940 1987 a.
957 1954 1023 1988 450
1039 1954 1223 1988 Hadriano
1250 1954 1386 1998 titulus,
1410 1957 1513 1989 cuins
1534 1955 1779 2000 fragmentum

77 2016 129 2047 est
150 2013 242 2056 Eph.
268 2022 320 2055 ep.
342 2012 376 2054 8,
394 2011 468 2046 408.
491 2030 535 2036 -
560 2012 594 2053 2)
620 2009 674 2050 Cf.
697 2010 890 2043 Mommsen
914 2010 1065 2045 Staatsr.
1090 2008 1148 2044 11³
1167 2021 1206 2054 p.
1222 2011 1297 2045 904.
1367 2006 1371 2010 ’

188 2101 301 2148 1033
345 2103 389 2143 L.
420 2102 577 2142 Neratio
607 2102 651 2142 L.
681 2103 707 2142 f.
734 2101 741 2155 Ι
766 2102 851 2142 Vol.
882 2103 1038 2143 Prisco¹
1075 2101 1081 2155 Ι
1116 2104 1238 2155 praef.
1277 2115 1356 2143 aer.
1387 2103 1482 2151 Sat.,
1523 2117 1625 2153 cos.‚
1659 2105 1667 2160 Ι
1702 2107 1777 2160 leg.

74 2185 135 2226 pr.
156 2184 216 2225 pr.
238 2172 278 2210 in
300 2182 409 2222 prov.
429 2167 435 2222 Ι
453 2169 669 2218 Pannonia,
696 2170 702 2219 Ι
728 2169 879 2209 scribae
900 2170 1097 2221 quaestori
1122 2169 1128 2224 Ι
1155 2177 1194 2210 et
1213 2183 1378 2210 munere
1399 2171 1536 2221 functi,
1564 2171 1570 2226 Ι
1595 2180 1776 2226 patrono.

188 2236 301 2284 1034
428 2236 473 2276 1..
531 2237 763 2276 Neratius
821 2237 864 2276 L.
923 2238 949 2276 f.
1006 2234 1121 2293 [Vol.
1182 2235 1419 2293 Priscae]

486 2304 608 2356 praes.
640 2316 718 2344 aer.
749 2304 841 2351 Sat„
876 2317 969 2354 cos,
999 2301 1083 2360 ηερ.
1111 2317 1173 2357 pr.
1200 2318 1264 2358 pr.
1291 2302 1419 2362 prou]

486 2371 702 2411 Pannonia.

427 2439 471 2478 L.
491 2438 726 2478 Neratius
741 2438 784 2478 L.
809 2439 836 2478 f.
853 2438 953 2478 Vol.
971 2435 1225 2494 Pr[2·scus?
1245 2440 1290 2491 f..
1311 2437 1418 2495 cos]

487 2506 626 2547 vllvir.
649 2506 766 2558 epul.,
797 2506 872 2558 leg.
894 2507 992 2558 Aug.
1023 2518 1082 2558 pr.
1103 2518 1164 2558 pr.
1186 2503 1416 2563 Harmonia]

484 2573 672 2613 inferiore
769 2581 807 2613 et
892 2574 1095 2613 Pannonia
1183 2571 1417 2631 [superiora]

187 2640 334 2684 Saepini
355 2643 395 2673 in
413 2640 558 2674 Samnio
576 2639 644 2682 (IX
657 2641 756 2673 2454.
773 2640 862 2673 2455
886 2640 977 2672 vidit
993 2639 1212 2684 Mommsen).
1235 2659 1280 2666 —
1307 2644 1338 2685 1)
1362 2642 1427 2676 Est
1442 2642 1614 2676 Neratius
1631 2645 1774 2678 PrIscus

72 2700 200 2731 auctor
222 2699 314 2730 iuris
339 2695 402 2740 (cf.
431 2696 567 2738 Teuffel
589 2697 668 2729 hist.
694 2696 761 2728 lut.
785 2695 810 2739 ἕ
825 2696 904 2738 542,
920 2696 956 2739 4)
982 2699 1016 2728 et
1039 2696 1268 2730 consiliarius
1295 2696 1446 2731 Traiani
1470 2699 1570 2742 (Dig.
1586 2701 1643 2743 57,
1660 2701 1714 2741 42,
1730 2702 1770 2744 5)

57 2756 107 2786 -et
122 2754 300 2787 Hadriani
316 2753 407 2795 (vita
426 2764 453 2785 r.
470 2753 517 2795 4).
559 2751 713 2794 Legatus
732 2752 936 2785 Pannoniae
949 2750 1024 2791 suit
1039 2754 1121 2785 ante
1133 2756 1359 2796 provinciam
1376 2755 1537 2796 divisam,
1563 2758 1601 2790 id
1617 2759 1668 2789 est
1691 2762 1773 2790 ante

72 2820 206 2843 annum
231 2810 302 2850 407,
326 2810 481 2850 fortasse
506 2819 538 2842 a.
562 2810 606 2842 98
631 2808 695 2850 (cf.
719 2808 894 2850 Borghesi
916 2819 999 2842 ann.
1023 2810 1105 2842 inst.
1129 2810 1217 2843 4852
1238 2821 1275 2853 p.
1291 2813 1313 2844 9
1337 2826 1381 2839 =
1406 2822 1485 2854 opp.
1507 2814 1541 2854 5,
1557 2814 1652 2855 549).

188 2909 298 2956 1035
342 2911 388 2958 Q.
420 2911 562 2951 Roscio
594 2912 681 2950 Sex.
722 2910 749 2949 s.
776 2908 782 2964 Ι
815 2910 925 2957 Quir.
957 2911 1087 2951 Coelio
1118 2911 1304 2952 Murenae
1338 2911 1344 2966 Ι
1379 2913 1474 2952 Silio
1504 2913 1675 2954 Deciano
1706 2914 1772 2955 Vi-

73 2976 199 3018 buuo²
227 2976 233 3031 Ι
260 2978 327 3018 Ρίο
358 2979 455 3018 lulio
488 2978 645 3030 Eurycli
676 2977 870 3017 Her-clano
896 2977 902 3032 Ι
930 2978 1116 3031 Pompeio
1148 2979 1306 3018 Falconi
1337 2992 1439 3029 cos.,
1466 2979 1473 3032 Ι
1499 2980 1636 3021 XVvir.
1666 2995 1698 3023 s.
1730 2983 1770 3030 s.,

72 3056 228 3096 procos.
263 3046 439 3097 provinc.
470 3046 603 3093 Asiae,
641 3045 715 3096 leg.
755 3056 815 3096 pr.
854 3057 914 3097 pr.
950 3043 956 3099 Ι
989 3046 1081 3098 imp.
1122 3046 1227 3086 Caes.
1259 3047 1415 3087 Traiani
1456 3047 1640 3089 Hadriani
1671 3052 1768 3103 Aug.

141 3112 265 3147 nnssm.
284 3114 502 3152 Inscriptiones
518 3116 653 3144 Latinae.
1457 3115 1498 3149 15
