1968 3268
131 102 213 140 358
370 118 373 121 ⁴
886 103 1005 149 Caput
1030 103 1090 140 VI.

80 249 83 251 ,
131 217 304 270 gladiat.‚
344 223 383 261 et
413 218 540 258 Flavia
570 218 735 258 Procula
766 224 972 270 parentes,
1016 216 1022 274 Ι
1055 219 1147 260 item
1177 220 1331 261 Flavius
1359 221 1550 274 Daphnus
1578 228 1617 263 et
1646 223 1703 265 cl.
1731 226 1836 267 Mar-

133 285 234 325 tialis
267 284 272 338 Ι
304 286 443 325 fratres
472 286 665 334 fecerunt,
697 291 736 325 et
764 285 839 327 sibi
869 285 936 326 lib.
965 286 1182 328 libertabus
1212 285 1219 342 Ι
1251 287 1331 328 suis
1361 289 1570 343 posterisq.
1601 303 1752 333 eorum.

246 350 378 384 Romae
403 350 475 394 (VI
493 352 601 385 40089
624 352 716 385 vidit
737 352 949 396 Bormann).

245 506 357 552 1767
401 509 560 549 Herculi
597 515 636 549 et
673 510 841 563 Sylvano
881 524 927 551 ex
958 519 1068 561 voto,
1108 513 1446 568 Trophimianus}
1481 516 1580 567 Aug.
1620 515 1688 556 lib.
1727 529 1838 569 proc.

133 577 275 618 summi
307 577 467 629 choragi
493 575 499 631 Ι
526 590 616 618 cum
647 578 741 618 Chia
770 580 953 632 coniuge.

247 643 378 676 Romae
404 643 477 686 (VI
495 644 562 678 297
587 645 765 688 descripta
789 656 880 679 saec.
904 646 1017 690 XVI).

247 733 361 779 1768
403 735 503 776 habe
533 736 676 785 Marce,
707 737 831 777 dulcis
866 734 1048 794 a[nima],
1074 738 1080 793 Ι
1108 739 1227 780 adiut.
1258 741 1385 792 proc.¹
1415 742 1557 781 summi
1586 740 1799 798 chor[a9i].
1829 741 1835 798 Ι

134 804 289 844 Marcus
320 803 495 855 piissimo
525 805 629 856 patri
660 801 764 861 [fec]

249 881 380 915 Romae
405 881 478 924 (VI
498 882 608 916 40083
631 883 723 915 vidit
747 883 789 916 de
813 883 941 926 Ros-ri).
965 902 1010 907 —
1036 884 1069 924 1)
1093 884 1251 917 Adiutor
1273 887 1534 927 procuratoris.

252 971 364 1017 1769
409 973 446 1012 d.
478 985 530 1012 m.
558 971 564 1026 Ι
594 973 727 1026 Ulpiae
759 974 942 1026 Synoridi
968 972 975 1028 Ι
1002 974 1158 1015 Tertius
1187 976 1285 1028 Aug.
1322 976 1391 1016 lib.
1418 975 1423 1031 Ι
1459 977 1625 1019 tabular.
1660 978 1667 1034 Ι
1701 980 1842 1021 summi

137 1041 299 1093 choragi
326 1039 332 1094 Ι
359 1041 519 1093 coniugi
546 1039 552 1095 Ι
578 1041 680 1081 hene
711 1041 759 1081 de
789 1054 831 1081 se
857 1040 863 1094 Ι
889 1042 1051 1082 meritae
1080 1043 1184 1083 fecit.

252 1106 383 1140 Romae
409 1106 477 1149 (VI
498 1107 605 1140 40086
627 1107 720 1140 vidit
742 1108 784 1141 de
807 1106 936 1152 Ros-si).

251 1195 366 1241 1770
409 1198 446 1237 d.
486 1211 538 1238 m.
582 1197 588 1251 Ι
632 1199 673 1237 Ρ.
714 1199 844 1239 Aelius
885 1199 1131 1251 Agathemer.
1167 1200 1173 1255 Ι
1216 1202 1315 1254 Aug.
1362 1202 1428 1242 lib.
1468 1204 1644 1245 medicus
1679 1205 1843 1246 rationis

137 1266 279 1307 summi
318 1265 501 1317 chomgi,
544 1264 549 1318 Ι
581 1266 675 1306 fecit
703 1266 778 1306 sihi
816 1273 855 1307 et
883 1267 1013 1307 Aeliae
1051 1268 1177 1308 Iorte¹
1209 1267 1216 1324 Ι
1256 1270 1416 1322 coniugi
1446 1271 1549 1314 bene
1576 1273 1766 1322 merenti,
1806 1280 1846 1313 et

141 1331 147 1388 Ι
179 1333 330 1373 libertis
359 1332 654 1385 libertabusque
683 1333 765 1374 suis
797 1339 803 1386 Ι
834 1335 1083 1387 posterisque
1113 1349 1264 1376 eorum.

254 1399 385 1433 Romae
409 1399 481 1440 (VI
500 1400 607 1433 40085
631 1399 724 1432 vidit
746 1401 916 1444 Henzen).
940 1420 983 1426 -—
1011 1402 1043 1444 1)
1067 1401 1143 1435 Sor.
1168 1402 1302 1437 Heorte.

253 1500 362 1546 1771
409 1503 445 1541 d.
486 1515 536 1542 m.
573 1501 579 1556 Ι
615 1504 774 1543 Servato
815 1503 989 1545 Caesaris
1026 1505 1070 1544 H.
1119 1518 1196 1545 ser.
1230 1505 1237 1559 Ι
1272 1507 1595 1548 contrascribtori
1632 1508 1796 1550 rationis
1839 1508 1848 1564 Ι

138 1570 282 1611 summi
319 1570 500 1622 choragi‚
540 1571 633 1610 vixit
661 1583 754 1611 ann.
784 1571 962 1612 XXXIIII
988 1573 995 1626 Ι
1028 1573 1232 1614 mensibus
1262 1573 1348 1613 VIII
1384 1574 1523 1615 diebus
1550 1574 1641 1626 XII,
1680 1576 1806 1620 amico
1839 1581 1848 1637 Ι

138 1638 243 1679 bene
273 1637 454 1686 merenti,
484 1638 667 1678 fecerunt
692 1637 699 1691 Ι
726 1638 965 1680 Fortunatus
987 1640 1259 1693 Pompeianus,
1291 1642 1457 1694 Optatus
1482 1639 1489 1697 Ι
1511 1642 1610 1696 Aug.
1640 1643 1707 1683 lib.
1737 1643 1846 1684 adiu-

138 1711 246 1746 tores
276 1706 401 1757 proc.¹
432 1705 595 1745 rationis
621 1705 626 1760 Ι
655 1713 992 1756 ornamentorum,
1023 1714 1063 1748 et
1092 1708 1277 1749 Irenaeus
1309 1707 1315 1763 Ι
1346 1709 1519 1751 Caesaris
1547 1723 1667 1751 verna
1693 1710 1849 1752 adiutor

142 1771 148 1827 Ι
180 1773 479 1821 tabulariorum,
511 1780 550 1812 et
570 1773 744 1814 Isidorus
769 1773 776 1827 Ι
803 1775 990 1815 Primitivi
1011 1776 1110 1827 Aug.
1132 1776 1230 1828 disp.
1252 1777 1386 1816 vicar.²
1410 1774 1417 1832 Ι
1443 1778 1607 1819 rationis
1636 1779 1846 1828 eiusdem⁸‚

145 1847 184 1881 et
212 1840 348 1880 Helius
374 1839 379 1893 Ι
407 1841 573 1881 vicarius
603 1841 722 1891 eius‘,
752 1842 914 1882 domino
945 1841 1242 1897 henelmerenti.

256 1905 386 1939 Romae
424 1906 496 1949 (VI
527 1909 615 1941 8950
645 1908 738 1941 vidit
776 1908 946 1953 Romen).
985 1928 1028 1933 —
1070 1911 1101 1952 1)
1136 1910 1396 1944 Procurator-is.
1429 1930 1473 1935 —
1515 1913 1549 1954 2)
1578 1911 1848 1956 Dispensatoris

140 1964 310 1996 vicarius.
338 1982 381 1986 —
406 1963 439 2004 3)
463 1963 630 2005 Intellege
655 1966 832 2015 rationem
857 1968 1160 2001 ornamentorum.
1185 1985 1229 1990 -
1253 1968 1288 2009 4)
1314 1966 1460 2000 Scilicet
1484 1967 1637 2002 Servati.

259 2096 371 2143 1772
414 2098 473 2138 Ti.
504 2099 577 2139 Iuli
603 2099 609 2152 Ι
645 2101 815 2142 Solonis.
839 2099 854 2156 ΙΙ
876 2103 1039 2155 Pinytus
1065 2103 1071 2154 Ι
1098 2103 1156 2142 Ti.
1188 2103 1362 2144 Caesaris
1387 2103 1394 2156 Ι
1420 2104 1519 2155 Aug.
1550 2117 1626 2144 ser.
1657 2105 1784 2145 matr.²
1824 2108 1846 2145 a

141 2165 382 2218 supelectile.

255 2231 387 2266 Romae
404 2234 443 2266 in
459 2234 578 2268 eodem
595 2234 814 2268 columbario
830 2237 869 2268 in
887 2246 955 2278 quo
969 2236 1015 2270 N.
1027 2237 1116 2270 4588
1133 2237 1200 2276 (71
1210 2237 1304 2271 5558
1318 2237 1411 2270 vidit
1424 2237 1595 2278 Henzen).
1606 2256 1650 2262 —
1670 2238 1704 2280 1)
1718 2237 1846 2271 uuo-is

144 2291 403 2332 (eaepectavm-is
419 2293 621 2332 maternus).

262 2379 374 2424 1773
416 2381 513 2421 Iulia
533 2381 703 2422 Gemella
730 2384 736 2432 Ι
762 2383 913 2432 Isidori,
940 2383 947 2435 Ι
973 2396 1007 2423 ν.
1027 2395 1060 2423 a.
1083 2383 1196 2424 XXV.
1218 2384 1232 2438 fl
1255 2383 1428 2424 Albanus
1449 2384 1598 2424 Caesar.
1619 2395 1641 2422 a
1659 2383 1848 2435 supelect.

148 2445 156 2502 Ι
185 2448 233 2487 de
264 2449 382 2487 domu
407 2447 414 2502 Ι
441 2448 662 2498 Tiberiana,
692 2463 726 2490 v.
756 2463 790 2490 a.
820 2450 932 2490 XLV.

259 2512 388 2546 Romae
413 2514 590 2556 (718654
614 2516 704 2549 vidit
725 2517 895 2561 Dressel).

259 2602 374 2649 1774
418 2608 596 2652 (protome
614 2611 721 2655 Solis)
753 2608 972 2661 Eumolpus
993 2609 1166 2649 Caesaris
1188 2608 1194 2662 Ι
1216 2621 1237 2648 a
1257 2607 1498 2660 supellectile
1517 2607 1658 2647 domus
1678 2604 1685 2658 Ι
1707 2606 1840 2647 auriae

148 2676 233 2721 (sic)
276 2679 315 2711 et
345 2672 502 2712 Claudia
532 2673 656 2713 Pallas
685 2675 728 2714 f.¹
755 2675 760 2729 Ι
789 2676 871 2715 Soli
901 2683 940 2716 et
968 2677 1104 2716 Lunae
1134 2677 1283 2716 donum
1311 2679 1542 2727 posuerunt.

264 2738 396 2771 Romae
419 2748 514 2771 nunc
536 2738 747 2773 Florentiae
771 2742 842 2782 (VI
860 2742 947 2777 5749
970 2743 1063 2776 vidit
1084 2742 1253 2787 Henzen).
1278 2760 1321 2766 —
1348 2742 1381 2784 1)
1402 2740 1513 2775 Filia.

263 2828 374 2874 1775
418 2830 456 2870 d.
487 2842 537 2870 m.
565 2828 572 2884 Ι
598 2830 657 2871 Ti.
697 2831 879 2872 Claudius
909 2809 1068 2874 Thallus
1093 2832 1100 2888 Ι
1134 2833 1381 2886 praepositus
1416 2830 1650 2871 velariorum
1675 2828 1682 2883 Ι
1708 2830 1846 2870 domus

149 2899 427 2950 Augustiana,
455 2899 462 2948 Ι
487 2899 560 2938 fec.
590 2898 665 2938 sibi
695 2904 734 2938 et
762 2899 837 2939 filis
866 2900 958 2949 suis,
991 2901 1015 2940 1.
1045 2901 1070 2940 l.
1098 2900 1103 2956 Ι
1131 2907 1233 2953 post.
1263 2912 1412 2940 eorum.

264 2963 393 2997 Romae
417 2964 489 3005 (VI
507 2966 592 2999 8649
616 2965 806 3008 aliquoties
829 2966 1005 3009 descripta
1028 2978 1118 3000 saec.
1137 2966 1379 3007 XV—XVII).
1406 2977 1408 2979 ’
