1968 3268
509 84 625 121 Tituli
645 84 904 130 imperatorum
927 85 1127 132 domusque
1148 76 1418 133 imperatorne.
1730 60 1819 128 '151

112 210 239 246 πατηρ
255 198 450 243 πατρίδος,
473 193 713 242 ἀνθύπατος·
736 201 802 236 καὶ
818 194 1072 247 αὐτοκράτωρ
1087 201 1241 247 Καῖσαρ
1259 195 1465 247 Οὐαλέριος
1478 198 1723 247 Δικιννιανὸς
1736 205 1819 247 (ins.

109 255 297 298 Λικίνιος)
327 250 485 302 εὖσεβης
515 251 670 302 εὐτυχὴς
699 250 877 303 ἀνίκητος
904 252 1109 303 Σεβαστὸς
1137 251 1337 322 αρχιερεὺς
1364 257 1561 304 μέγιστος,
1590 261 1820 308 δημαρχικῆς

111 309 287 355 ἐξουσίας
308 307 355 348 τὸ
379 310 585 359 τέταρτον,
609 305 865 360 αὐτοκράτωρ
886 308 933 349 τὸ
957 313 1108 359 τρίτον,
1136 325 1301 357 υπατος,
1327 311 1454 362 πατὴρ
1478 316 1681 364 πατρίδος,
1704 311 1820 355 ανθυ-

112 379 255 411 πατος,
283 364 541 415 ἐπαρχιώταις
570 368 676 412 ἰδίοις
706 368 868 416 χαίρειν.
914 369 982 402 Hic
1008 380 1147 413 quoque
1175 372 1287 404 unius
1311 370 1448 405 Galerii
1463 372 1571 416 plene
1591 377 1821 409 receruentur

84 450 89 454 .
112 426 325 468 cog-nomina
357 425 502 466 bellica;
531 425 659 459 deinde
681 428 755 459 tam
784 427 825 458 in
856 426 976 469 lapide
1002 426 1192 470 Sinopensi
1221 438 1329 471 quam
1359 429 1459 473 apud
1477 429 1673 463 Eusebium
1696 431 1820 465 Maxi-

110 484 231 515 minus
251 481 355 515 Daza
385 483 499 523 abest,
529 484 593 525 qui
620 482 742 516 debuit
770 483 949 516 recenseri
978 486 1063 516 ante
1092 483 1364 518 Constantinum
1395 488 1432 518 et
1455 485 1656 530 Licinium,
1687 489 1820 532 quippe

112 539 176 582 qui
198 540 280 571 ante
303 538 396 582 illos,
418 550 451 573 a.
469 540 550 580 505,
569 549 739 582 purpura
763 540 911 572 vestitus
932 542 1033 580 esset,
1054 541 1097 573 in
1119 540 1239 584 lapide
1260 552 1393 575 rasura
1417 541 1538 585 (eradi
1557 545 1679 588 potuit
1699 545 1741 578 in
1763 545 1820 578 his

107 596 275 638 partibus
290 594 432 629 Licinio
454 595 605 629 subditis
618 605 746 628 nomen
760 594 955 628 Maximini
970 599 1056 639 post
1076 596 1206 631 bellum
1228 601 1426 632 extremmn
1441 599 1539 642 quod
1554 601 1671 642 gessit
1691 602 1819 634 eontra

110 650 291 684 Licinium
315 662 453 695 quoque
470 653 585 695 periit
610 650 716 685 Tarsi
737 662 771 685 a.
792 651 894 696 545),
915 652 1015 696 apud
1031 653 1226 687 Eusebium
1247 655 1366 688 nescio
1390 665 1462 698 qua
1485 655 1529 689 de
1551 666 1672 690 causa.
1710 657 1822 700 Apud

111 707 305 742 Eusebium
334 710 368 741 si
389 711 482 741 recte
504 719 542 741 se
563 709 669 741 habet
690 709 854 753 Περσῶν
874 706 1055 755 μέγιστος
1077 710 1269 754 δῖς,1αγι“3
1288 711 1413 754 paullo
1437 713 1626 756 antiquior
1656 716 1726 756 est,
1756 713 1821 747 sed

111 764 192 797 vide
212 775 259 797 ne
274 764 512 799 Eusebianum
535 773 674 807 quoque
696 764 850 798 edietum
864 775 990 799 revera
1015 767 1181 800 habaet-it
1202 768 1367 814 Περσῶν
1386 766 1567 814 μέγιστος
1587 769 1681 816 τρῖς,
1703 771 1820 816 Βρετ-

110 815 266 863 τανικὸς
292 819 470 868 μέγιστος
500 820 576 863 δίς,·
613 823 708 854 certe
736 821 875 855 excidit
904 822 1005 865 apud
1032 822 1224 856 Eusebium
1250 834 1325 857 non
1353 825 1470 858 solum
1499 826 1724 868 Britannici,
1755 826 1820 860 sed

110 878 219 910 etiam
239 887 408 911 numerus
428 880 510 921 post
527 877 732 911 Germanici
748 878 968 912 vocabulum.
984 897 1031 903 —
1049 879 1170 922 Ipsum
1193 880 1347 913 edictum
1370 891 1441 925 quo
1458 884 1689 925 pertinuerit,
1707 883 1819 927 plane

108 935 293 968 incertum.

220 1035 303 1082 661
349 1037 436 1078 divo
462 1036 469 1093 Ι
495 1038 602 1078 Iovio
628 1037 635 1092 Ι
660 1038 895 1078 Maximiano
921 1037 928 1092 Ι
955 1039 1052 1079 ordo
1082 1039 1163 1080 Sol.

221 1103 264 1137 In
287 1107 406 1138 castro
430 1104 568 1149 Seckau
588 1115 702 1148 prope
725 1104 889 1138 Leibnitz
905 1105 1052 1147 Stiriae,
1075 1108 1140 1140 ubi
1161 1106 1238 1147 fuit
1258 1108 1495 1151 municipium
1509 1108 1618 1143 Solva
1634 1109 1816 1153 (1115525

110 1160 203 1194 vidit
223 1160 446 1206 Mommsen).

221 1260 307 1308 662
348 1264 435 1304 divo
462 1263 469 1316 Ι
495 1263 649 1304 Galerio
675 1262 682 1316 Ι
706 1263 997 1317 Maximian011
1024 1264 1155 1304 colon.
1186 1265 1258 1305 lul.
1287 1267 1293 1316 Ι
1318 1263 1432 1322 Au[9.
1463 1265 1585 1324 Sam]
1611 1266 1618 1322 Ι
1644 1268 1714 1308 VII
1742 1269 1817 1310 im-

107 1331 271 1372 munis-²

224 1397 343 1431 Saldis
366 1397 488 1440 (hodie
510 1398 664 1440 Bougie)
690 1399 730 1430 in
754 1408 819 1430 ora
842 1397 1102 1442 Mauretaniae,
1125 1411 1201 1444 rep.
1224 1411 1259 1433 a.
1282 1400 1382 1441 4856,
1405 1402 1459 1434 bis
1481 1402 1537 1434 vel
1558 1405 1614 1435 ter
1636 1365 1815 1447 descripta

110 1453 218 1497 (VIII
229 1453 346 1498 8954).
366 1473 413 1477 -
430 1456 462 1495 1)
480 1454 542 1487 Sic
565 1457 657 1487 certe
678 1464 791 1487 unum
814 1465 860 1487 ex
882 1456 1102 1498 apographis
1125 1455 1268 1500 (Maxim
1283 1483 1291 1491 .
1305 1482 1315 1491 .
1330 1483 1337 1490 .
1350 1482 1360 1490 .
1374 1451 1419 1498 io,
1443 1456 1627 1493 Maximino
1651 1460 1816 1504 alia).—

110 1512 144 1553 2)
170 1510 317 1544 Colonia
340 1509 435 1542 Iulia
459 1510 625 1552 Augusta
647 1513 926 1553 septimanorum
949 1513 1119 1544 immunis
1141 1513 1259 1546 dictae
1283 1514 1425 1556 Saldae,
1449 1513 1498 1554 οἷ’.
1523 1515 1557 1549 C.
1583 1515 1674 1549 VIII
1687 1527 1726 1559 p.
1740 1517 1815 1550 760.

220 1598 304 1645 663
346 1601 440 1654 imp.
472 1601 579 1641 Caes.
607 1601 614 1653 Ι
640 1601 722 1641 Gal.
753 1602 832 1641 Val.
868 1602 872 1655 Ι
909 1602 1143 1643 Maximeino
1178 1603 1184 1656 Ι
1218 1617 1257 1656 p.
1292 1606 1319 1645 f.
1355 1606 1434 1645 inv.
1464 1606 1565 1658 Aug.
1605 1612 1644 1646 et
1677 1604 1684 1659 Ι
1719 1607 1815 1660 imp.

109 1669 218 1710 Caes.
249 1668 307 1710 Fl.
338 1669 419 1708 Val.
447 1667 454 1723 Ι
481 1669 740 1710 Constantino
778 1683 817 1722 p.
856 1672 883 1710 f.
923 1671 1000 1710 inv.
1031 1671 1129 1724 Aug.
1161 1677 1201 1711 et
1236 1672 1332 1725 imp.
1364 1673 1472 1713 Caes.
1507 1672 1513 1727 Ι
1540 1673 1774 1715 Licinniano
1803 1673 1809 1729 Ι

107 1737 218 1777 Licin
237 1767 247 1776 .
264 1767 274 1776 .
293 1766 303 1775 .
321 1767 330 1775 .

222 1803 264 1836 In
279 1804 368 1836 Asia
385 1803 462 1837 loco
479 1804 574 1836 dicto
592 1804 688 1837 Elles
705 1804 776 1847 (III
790 1803 826 1837 S.
839 1804 921 1838 7474
938 1805 1029 1838 vidit
1043 1804 1228 1850 Ramsay).
1267 1805 1407 1839 Titulus
1415 1808 1559 1850 positus
1570 1811 1655 1851 post
1668 1807 1816 1852 Galerii,

108 1862 191 1893 ante
206 1859 399 1893 Maximini
412 1863 561 1893 mortem
578 1859 628 1903 (a.
644 1859 823 1904 5441545),
842 1862 916 1894 sive
932 1863 1039 1895 etiam
1056 1866 1139 1896 ante
1155 1863 1283 1896 bellum
1299 1865 1460 1906 coeptum
1474 1865 1569 1897 inter
1584 1864 1766 1898 Licinium
1781 1869 1816 1899 et

108 1916 346 1950 Maximinum
369 1926 439 1960 quo
464 1918 523 1950 hic
545 1918 635 1951 obiit
641 1929 655 1958 ,·
678 1927 746 1959 quo
771 1920 928 1960 tempore
949 1920 1047 1952 inter
1067 1921 1139 1952 tres
1162 1919 1339 1962 legitimos
1353 1919 1536 1962 Augustos
1552 1921 1652 1964 (nam
1667 1921 1817 1956 Maxen-

108 1974 181 2005 tius
211 1983 234 2006 a
263 1973 361 2006 nullo
394 1982 516 2006 eorum
542 1983 612 2016 pro
638 1973 797 2016 legitimo
826 1975 1056 2019 habebatur),
1088 1978 1175 2008 teste
1207 1978 1354 2009 auctore
1383 1977 1427 2010 de
1457 1980 1562 2011 mort.
1592 1988 1686 2020 pers.
1711 1988 1739 2012 c.
1762 1981 1816 2022 44,

106 2031 262 2072 primum
287 2028 403 2061 locum
432 2030 503 2062 sibi
532 2030 740 2063 vindicabat
761 2030 1001 2072 Maoeiminus‚
1035 2042 1148 2075 neque
1171 2034 1327 2075 iniuria,
1355 2035 1479 2076 utpote
1507 2035 1571 2077 qui
1596 2035 1738 2078 primus
1767 2035 1817 2069 ad

110 2084 271 2118 Caesaris
294 2084 484 2127 fastigium
507 2089 645 2118 evectus
669 2089 766 2120 esset.

221 2173 309 2219 664
350 2175 545 2216 Victoriae
575 2178 772 2230 Augustae
798 2177 805 2231 Ι
831 2174 1010 2234 [sac]rum
1042 2191 1114 2231 pro
1144 2179 1308 2219 salutem
1342 2179 1349 2233 Ι
1387 2177 1481 2234 [dot]
1513 2194 1582 2220 un.
1613 2181 1814 2222 Maximini

110 2250 149 2284 et
174 2242 181 2298 Ι
207 2239 485 2299 [Con]stantini
516 2250 554 2283 et
583 2244 731 2285 Licini¹
759 2245 764 2298 Ι
797 2242 981 2301 [se]mpe1·
1011 2247 1154 2298 Augg.,
1189 2247 1283 2286 Aur.
1315 2247 1481 2288 Senecio
1508 2247 1514 2300 Ι
1543 2245 1595 2303 [v.
1622 2246 1679 2305 p.]
1712 2249 1815 2290 dux'

107 2311 298 2363 templum
330 2311 480 2350 numini
508 2315 515 2363 Ι
542 2308 657 2367 [ei]us
687 2326 734 2352 ex
762 2320 852 2352 voto
888 2326 907 2352 a
939 2326 1040 2352 novo
1071 2314 1156 2353 fieri
1185 2314 1297 2353 iussit
1330 2314 1337 2367 Ι
1372 2327 1445 2366 per
1473 2315 1700 2357 instantiam
1731 2317 1813 2358 Val.

109 2378 352 2432 Samibarrae
372 2391 411 2431 p.
434 2392 472 2431 p.
495 2392 583 2431 eqq.
606 2380 729 2420 Dalm.
754 2379 997 2432 Aqluesianis
1017 2379 1178 2429 comit.⁸‚
1208 2381 1233 2420 l.
1255 2381 1280 2420 l.
1307 2382 1389 2430 m.⁴,
1417 2380 1423 2435 Ι
1450 2382 1500 2422 ob
1523 2383 1684 2424 victoria
1713 2385 1814 2426 sacta

109 2446 140 2484 V
170 2446 208 2486 k.
239 2447 354 2487 Iulias
382 2446 387 2501 Ι
413 2448 641 2487 Andronico
672 2454 712 2487 et
740 2447 870 2487 Probo
900 2449 997 2488 cos.⁵

220 2513 262 2546 In
278 2516 355 2547 vico
371 2515 540 2558 Prutting
552 2514 732 2547 Bavariae
745 2513 861 2556 (distr.
875 2513 1112 2557 Rosenlzeim)‚
1129 2515 1192 2556 qui
1208 2513 1305 2547 locus
1320 2515 1462 2549 videtur
1476 2514 1590 2557 fuisse
1600 2520 1814 2562 provinciae

107 2569 235 2603 Norici
259 2570 432 2613 (1115565
455 2571 547 2603 vidit
573 2569 801 2612 lVilmanns).
825 2588 868 2593 ——
896 2571 928 2611 1)
957 2569 1114 2602 Titulum
1138 2574 1289 2614 apparet
1307 2574 1466 2615 positum
1489 2584 1561 2606 esse
1585 2575 1704 2607 eodem
1729 2578 1814 2608 tem-

105 2636 195 2670 pore
218 2637 287 2669 quo
310 2627 354 2660 N.
378 2628 455 2669 665,
482 2637 515 2660 a.
538 2626 602 2660 544
628 2626 684 2658 vel
704 2626 785 2659 542.
809 2644 852 2649 -
878 2627 911 2667 2)
936 2626 1081 2659 Scilicet
1098 2625 1227 2660 Norici
1249 2630 1285 2660 et
1306 2629 1512 2663 Pannoniae
1534 2633 1742 2674 superioris.
1767 2650 1811 2656 —

109 2683 143 2724 3)
160 2684 388 2726 Praepositus
404 2684 580 2726 equitibus
594 2682 774 2715 Dalmatis
790 2684 1001 2725 Aquesianis
1018 2684 1316 2718 comitatensibus.
1356 2685 1602 2719 Memor-antur
1617 2690 1655 2719 in
1672 2686 1812 2720 Notitia

109 2739 342 2781 dignitatum,
372 2741 469 2772 inter
498 2739 748 2772 vexillationes
778 2740 1035 2781 comitatenses,
1066 2741 1200 2783 equites
1234 2739 1352 2774 Tertio
1385 2741 1574 2774 Dalmatae
1608 2742 1685 2785 (Or.
1709 2754 1737 2777 c.
1761 2743 1812 2786 6),

109 2793 240 2835 Quinto
269 2795 458 2828 Dalmatae
488 2795 566 2837 (Or.
599 2806 628 2828 c.
653 2795 705 2837 4),
738 2794 847 2828 Sexto
871 2795 1058 2829 Dalmatae
1088 2796 1165 2840 (Or.
1190 2808 1218 2830 c.
1242 2798 1301 2840 5),
1334 2797 1465 2831 Octavo
1493 2798 1683 2830 Dalmatae
1714 2798 1811 2841 (Oce.

110 2860 140 2883 c.
152 2852 184 2891 6,
194 2851 244 2894 7),
266 2850 371 2885 Nono
394 2851 584 2885 Dalmatae
609 2850 686 2893 (Or.
699 2861 728 2883 c.
740 2851 788 2894 4),
811 2851 1000 2885 Dalmatae
1023 2853 1282 2886 Passerentiaci
1306 2853 1403 2896 (θος.
1417 2865 1445 2888 c.
1458 2856 1489 2893 6,
1503 2855 1552 2897 7).
1569 2873 1613 2878 —-
1630 2856 1664 2894 4)
1681 2853 1813 2888 Laetus

110 2906 221 2939 libens
242 2909 380 2941 merito.
409 2926 454 2933 —
485 2909 518 2948 5)
542 2907 782 2949 significatur
804 2907 879 2940 dies
901 2908 945 2941 27
968 2909 1045 2942 Iun.
1068 2909 1160 2950 54ος
1190 2920 1229 2942 eo
1261 2909 1318 2942 die
1347 2911 1499 2942 victoria
1532 2909 1594 2942 illa
1627 2913 1812 2953 reportata

110 2972 181 2995 esse
203 2963 355 3006 videtur,
378 2974 456 2997 cum
482 2963 610 2997 titulus
630 2965 767 3006 positus
788 2965 838 2996 sit
859 2974 931 2997 non
957 2968 1039 2998 ante
1062 2976 1095 2999 a.
1118 2966 1195 2999 544.
