1968 3268
249 104 367 142 'rituli
388 104 638 140 ministrorum
661 103 791 140 domus
813 104 1002 148 Augustae
1026 102 1250 140 condicionis
1272 103 1466 140 libertinae
1488 106 1528 140 et
1550 104 1702 140 servilis.
1743 104 1828 143 357

233 218 346 265 1757
390 219 486 258 Iulia
526 218 567 259 C.
598 218 810 266 l.-Prima‚
845 215 852 272 Ι
885 218 980 258 vixit
1016 230 1080 258 an.
1110 217 1228 257 XXX.
1258 215 1275 271 ΙΙ
1303 218 1476 258 Anteros
1508 217 1569 258 Ti.
1608 217 1782 259 Caesaris
1822 218 1830 271 Ι

119 289 301 330 cistarius
329 300 352 327 a
380 293 488 327 veste
516 287 644 333 soren,
671 287 678 335 Ι
702 285 797 325 vixit
825 298 919 326 ann.
948 285 1065 325 XXV.

241 353 371 388 Romae
392 355 433 386 in
456 353 577 386 eodem
602 353 823 385 columbario
847 355 886 385 in
910 362 980 395 quo
1004 351 1050 385 N.
1072 352 1163 386 4588
1186 351 1259 395 (VI
1275 351 1367 386 5495
1387 351 1483 385 vidit
1503 352 1676 391 umen).

234 454 350 502 1758
390 456 452 496 Ti.
474 455 634 496 Claudio
659 453 667 508 Ι
693 455 792 507 Aug.
813 454 880 494 lib.
907 453 915 506 Ι
942 454 1145 503 Corintho,
1172 455 1179 508 Ι
1204 468 1226 494 a
1245 461 1352 494 veste
1371 455 1479 507 regia
1489 456 1514 502 ¹,
1540 455 1547 509 Ι
1574 455 1740 496 Hermes
1762 455 1830 495 lib.

122 524 129 580 Ι
163 532 332 579 patrono
361 536 434 564 suo
460 522 468 571 1
493 523 532 563 b.
565 535 616 562 m.
648 523 752 563 fecit.

235 591 367 625 Rornae
390 593 430 623 in
454 590 600 623 aedibus
618 591 776 632 privatis
799 589 869 632 (VI
889 590 977 622 8554
1002 589 1057 621 bis
1080 588 1258 631 descripta
1281 600 1371 624 saec.
1395 589 1471 623 XV.
1501 589 1615 632 XVI).
1641 608 1683 613 —
1717 590 1749 630 1)
1776 587 1831 627 Cf-

120 648 314 682 Mommsen
336 647 490 681 Slaatsr.
514 646 556 679 1³
576 657 613 689 p.
634 646 698 679 447
721 648 795 679 not.
819 647 851 678 4.

234 747 348 794 1759
390 748 449 788 dis
477 747 661 787 manibus
686 747 693 800 Ι
719 748 908 788 Venuleia
929 748 1134 799 Cleopatra
1160 746 1168 799 Ι
1193 747 1287 787 fecit
1315 747 1388 787 sibi
1420 754 1460 788 et
1484 747 1491 800 Ι
1518 748 1710 788 Rhodano
1734 748 1832 789 Cae—

122 818 221 859 saris
246 829 391 857 vernae
421 829 442 856 a
461 823 568 856 veste
597 816 707 876 regia
734 822 773 856 et
792 816 981 856 Graecula
992 816 1017 863 ¹,
1048 815 1205 867 coniug.
1227 815 1428 856 benemer.
1460 823 1499 856 et
1519 817 1586 856 lib.
1617 816 1833 856 libertabus

120 886 331 938 posterisq.
360 897 537 924 suorum.

234 951 377 992 Romae,
393 961 490 984 nunc
504 951 690 984 Bononiae
714 949 786 993 (VI
804 950 897 983 8552
912 950 1006 983 vidit
1018 949 1316 993 Zangemeister).
1332 968 1375 975 ——
1404 952 1436 992 1)
1453 949 1507 990 Cf.
1523 950 1569 985 Ν.
1592 950 1680 983 4758
1701 953 1775 984 not.
1798 950 1831 984 4.

236 1052 351 1099 1766
392 1053 566 1093 Alcimus
590 1050 598 1106 Ι
623 1052 794 1092 Neronis
823 1052 999 1093 Caesaris
1024 1050 1032 1107 Ι
1057 1053 1157 1106 Aug.
1188 1066 1323 1094 servos
1360 1066 1382 1092 a
1407 1052 1415 1107 Ι
1449 1059 1555 1093 veste
1585 1053 1790 1100 castrensi,
1823 1050 1831 1107 Ι

122 1123 197 1162 vix.
228 1135 323 1162 anu.
352 1120 470 1161 XXX.
497 1121 505 1174 Ι
531 1120 687 1160 Claudia
714 1118 721 1174 Ι
747 1120 882 1160 Docile
908 1119 915 1174 Ι
941 1122 1034 1161 fecit
1061 1121 1136 1161 sibi
1166 1127 1206 1161 et
1230 1120 1237 1175 Ι
1264 1120 1542 1161 contubernali
1568 1119 1575 1172 Ι
1601 1133 1687 1160 suo.

237 1189 280 1222 In
303 1198 395 1231 agro
418 1188 648 1221 staenestino
675 1186 780 1229 (XIV
795 1188 892 1221 2852
917 1189 971 1220 bis
994 1187 1173 1230 descripta
1195 1199 1288 1221 saec.
1312 1187 1442 1231 XVII).

238 1288 348 1334 1761
393 1290 430 1329 d.
461 1302 513 1329 m.
540 1288 546 1343 Ι
573 1289 618 1328 Τ.
657 1289 716 1329 F.¹
746 1289 966 1337 Decembri,
1006 1302 1028 1329 a
1058 1296 1163 1331 veste
1188 1290 1195 1343 Ι
1221 1291 1383 1338 munda,
1413 1297 1453 1331 et
1488 1291 1648 1342 Sergiae
1678 1287 1833 1344 Fellici·

122 1358 193 1398 tati
221 1358 395 1409 coniugi,
424 1357 492 1397 lib.
518 1356 525 1411 Ι
554 1357 850 1409 libertabusque
880 1357 1142 1412 postoli-isque
1171 1371 1324 1398 eorum.

236 1423 367 1457 Romae
390 1435 464 1467 rep.
491 1424 563 1467 (VI
581 1425 669 1457 8549
692 1424 784 1456 vidit
806 1425 1020 1468 Bor-mann).
1046 1444 1090 1449 —
1116 1427 1149 1466 1)
1174 1426 1363 1468 Intellege:
1385 1426 1527 1460 Flavio.

237 1523 352 1569 1762
394 1525 431 1564 d.
461 1538 513 1565 m.
539 1524 547 1578 Ι
573 1525 625 1564 Μ.
656 1526 794 1578 Ulpius
823 1528 922 1577 Aug.
953 1526 1021 1566 lib.
1048 1525 1055 1580 Ι
1081 1527 1370 1581 Euphrosynus
1394 1527 1401 1581 Ι
1428 1541 1448 1567 a
1484 1535 1590 1568 veste
1619 1527 1835 1567 venatoria.

191 1626 198 1634 ι
239 1590 380 1631 Romae,
403 1602 501 1624 nunc
522 1593 673 1625 Panh'is
697 1592 769 1635 (VI
787 1594 878 1626 8555
902 1593 993 1626 vidit
1015 1593 1185 1636 Henzen).

240 1702 352 1749 1763
388 1705 426 1744 d.
448 1717 499 1744 m.
526 1703 533 1758 Ι
559 1705 609 1744 Μ.
632 1704 821 1746 Cocceius
839 1707 939 1757 Aug.
968 1707 1036 1746 lib.
1058 1707 1290 1747 Ambrosius
1310 1705 1567 1758 praepolsitus
1587 1706 1705 1746 vestis
1723 1705 1835 1745 albae

124 1772 407 1824 triumphalis¹,
452 1773 544 1813 fecit
577 1772 584 1826 Ι
615 1773 801 1813 Cocceiae
832 1774 926 1813 Nice
961 1775 1122 1826 coniugi
1160 1787 1274 1823 suae,
1312 1787 1403 1814 cum
1441 1786 1518 1826 qua
1555 1774 1650 1814 vixit
1678 1771 1687 1827 Ι
1719 1772 1836 1813 annis

124 1839 296 1879 XXXXV
326 1839 464 1880 diebus
493 1840 660 1880 Xl.sine
689 1841 766 1880 ulla
798 1842 968 1893 quereb,
1003 1842 1010 1894 Ι
1046 1849 1086 1882 et
1115 1843 1282 1882 Rufinus
1311 1842 1419 1882 Caes.
1451 1856 1490 1882 n.
1520 1854 1644 1889 verm,
1681 1841 1838 1880 adiutor

125 1907 260 1954 tabul„
287 1913 294 1961 Ι
321 1907 423 1947 filius
453 1919 608 1955 eorum,
647 1907 720 1948 sibi
752 1914 791 1949 et
819 1909 901 1949 suis
937 1909 1005 1950 lib.
1034 1910 1290 1963 libertabusq.
1317 1908 1325 1962 Ι
1350 1911 1561 1963 posterisq.
1593 1921 1745 1950 eorum.
1786 1908 1834 1948 Η.

125 1988 179 2015 m.
209 1976 248 2015 h.
280 1989 320 2015 n.
350 1988 382 2014 s.
408 1973 416 2028 Ι
441 1974 486 2015 ln
518 1976 648 2015 fronte
677 1988 716 2028 p.
746 1976 845 2024 XVI,
875 1977 916 2016 in
946 1990 1041 2030 agro
1070 1991 1109 2030 p.
1139 1978 1259 2018 XXII.

238 2041 371 2074 Romae
395 2040 467 2083 (VI
486 2043 582 2082 8546,
606 2042 774 2075 viderunt
795 2043 939 2076 Henzen
962 2047 997 2076 et
1021 2044 1148 2089 Gaui).
1188 2045 1230 2078 In
1255 2045 1375 2077 eodem
1400 2045 1518 2087 lapido
1540 2047 1731 2088 supersunt
1753 2043 1837 2076 reli-

127 2100 233 2140 quiae
257 2097 406 2130 alterius
431 2097 538 2131 tituli.
562 2117 605 2123 —
631 2100 664 2136 1)
691 2098 743 2138 Cf.
768 2099 959 2132 Mommsen
984 2099 1139 2133 Staatsr.
1164 2099 1206 2133 1³
1225 2111 1261 2143 p.
1285 2100 1346 2134 444
1371 2104 1443 2134 not.
1467 2102 1498 2134 4.

246 2186 357 2233 1764
398 2188 449 2228 Μ.
472 2189 586 2241 Ulpio
606 2191 705 2241 Aug.
727 2190 793 2230 lib.
816 2190 1002 2244 Philthae
1022 2193 1104 2243 pp.¹
1125 2193 1242 2232 vestis
1264 2193 1479 2238 scaenicae,
1507 2190 1513 2245 Ι
1539 2191 1653 2244 Ulpia
1668 2191 1837 2230 Veneria

128 2257 268 2297 marito
292 2255 300 2309 Ι
327 2255 623 2308 incomparabili
654 2257 809 2308 pietate.

401 2323 474 2363 Hic
500 2322 506 2375 Ι
533 2324 633 2363 iacet
660 2324 724 2365 ille
753 2326 851 2366 situs
879 2326 948 2366 M?
975 2325 1228 2380 formonlsior
1255 2327 1358 2375 ullo;

401 2392 507 2443 quod
528 2391 671 2431 meruit
698 2392 819 2440 vivus,
841 2391 847 2447 Ι
869 2394 1044 2434 moriens
1065 2400 1163 2446 quot
1192 2400 1231 2434 et
1258 2394 1343 2446 ipse
1364 2392 1370 2448 Ι
1393 2394 1555 2446 rogavit,

458 2454 667 2514 coniugi[s]
697 2471 767 2499 sue
798 2457 805 2511 Ι
837 2466 969 2512 gratae
998 2462 1192 2513 praestitit
1220 2474 1313 2502 ecce
1343 2462 1451 2502 fides.

242 2525 373 2559 Romae
391 2525 444 2566 (V
443 2526 460 2558 I
474 2526 577 2566 8555,
600 2526 741 2567 saepius
758 2525 932 2569 descripta
953 2538 1043 2561 saec.
1067 2527 1197 2572 XVII).
1213 2548 1258 2553 —
1280 2530 1310 2568 1)
1336 2529 1552 2572 Praeposito.
1570 2547 1615 2554 —
1631 2529 1666 2570 2)
1682 2527 1837 2561 Marem.

243 2625 355 2671 1765
398 2627 457 2667 dis
487 2626 669 2666 manibus
694 2624 701 2678 Ι
727 2627 785 2667 Ti.
807 2627 990 2668 Claudius
1014 2626 1021 2681 Ι
1046 2628 1127 2668 din·
1155 2623 1290 2670 Claudi
1318 2630 1385 2670 lib.
1412 2629 1420 2684 Ι
1446 2626 1663 2686 [Di]pterus
1689 2630 1696 2682 Ι
1722 2629 1839 2669 vesti-

132 2694 228 2734 ficus
249 2693 401 2735 Caesar.
428 2694 435 2747 Ι
461 2708 482 2735 a
502 2700 608 2735 veste
628 2694 818 2743 scaenica,
845 2693 852 2748 Ι
879 2695 1034 2737 Claudia
1054 2697 1215 2750 Lycoris
1239 2699 1247 2750 Ι
1273 2698 1365 2738 fecit
1385 2698 1545 2750 coniugi
1564 2710 1636 2737 suo
1666 2703 1705 2737 et
1731 2694 1738 2749 Ι
1763 2695 1838 2735 sibi

131 2766 169 2800 et
197 2762 291 2802 suis.

244 2826 376 2861 Romae
400 2827 471 2867 (VI
489 2829 578 2861 8554
603 2827 790 2870 deser-ipsit
813 2827 1003 2873 Huebner).

244 2928 358 2974 1766
401 2931 437 2970 d.
468 2942 520 2970 m.
548 2931 555 2979 Ι
581 2929 762 2970 Claudiae
792 2930 1000 2972 Faustinae
1026 2931 1033 2986 Ι
1058 2933 1158 2973 filiae
1188 2933 1455 2986 pientissimae
1477 2930 1484 2986 Ι
1506 2945 1606 2984 quae
1636 2932 1710 2973 vix.
1742 2944 1836 2972 ann.

133 2995 240 3045 xvi,
272 2998 279 3051 Ι
310 2997 369 3037 Ti.
401 2998 456 3038 Cl.
487 2999 587 3050 Aug.
626 2997 693 3038 lib.
724 2997 898 3039 Philetus
930 2996 937 3052 Ι
966 3012 988 3040 a
1020 3007 1231 3041 comment.
1263 3007 1335 3040 rat.
1365 3000 1530 3040 vestium
1560 3001 1727 3041 scaenic.
1758 3006 1797 3040 et
1828 2997 1836 3051 Ι
