1968 3268
199 112 316 150 Tituli
338 113 584 149 ministrorum
607 111 735 148 domus
758 112 947 156 Augustae
970 107 1197 145 condicionis
1220 107 1415 143 libertinae
1437 109 1476 142 et
1499 106 1651 142 servilis.
1700 105 1781 144 347

194 227 308 274 1661)
351 229 411 270 dis
429 240 535 269 man.
558 224 752 283 {Phileto}
771 226 1071 279 Epitynchanus
1095 223 1102 278 Ι
1128 223 1299 277 Hesyebi
1324 221 1332 277 Ι
1356 221 1642 276 dispensatoris
1667 219 1674 275 Ι
1700 222 1784 262 fisci

83 297 296 339 castrensis
319 295 327 350 Ι
352 296 539 341 arcarius.
567 295 670 336 filiae
695 294 702 348 Ι
727 294 987 343 dulcissimae,
1017 304 1118 345 quae
1144 290 1151 345 Ι
1175 291 1271 332 vixit
1298 304 1391 332 ann.
1422 290 1485 339 Vl,
1521 289 1605 330 obit
1628 287 1636 343 Ι
1663 289 1782 330 natali

79 379 165 414 suo,
195 365 349 405 intrans
374 364 380 417 Ι
406 376 557 404 annum
586 369 823 416 septumum.

193 430 325 465 Romae
348 430 518 474 (V18547
540 431 646 463 semel
667 430 844 473 descripta
866 439 958 463 saec.
981 427 1094 471 XVI).

192 533 303 580 1661
349 534 480 575 Solem
514 533 522 588 Ι
556 534 637 574 Soli
675 533 820 573 invicto
853 531 861 586 Ι
893 532 1070 585 Mythrae
1100 531 1108 584 Ι
1143 543 1217 584 pro
1261 530 1385 570 salute
1423 535 1462 569 et
1500 526 1782 582 incolulmitate

80 603 273 644 Chresimi
291 603 417 655 Augg.
440 598 448 657 Ι
471 614 541 642 nu.
560 601 884 654 dispensatoris,
880 600 884 633 Ι
907 599 1195 652 Callimorphus
1213 595 1402 653 arkalrius
1421 597 1596 638 eiusdem
1615 596 1621 646 Ι
1647 602 1781 636 votum

78 667 224 727 solvift]
250 668 258 724 Ι
283 670 412 710 libens
439 669 584 710 animo.

194 737 386 771 Caesareae
410 735 654 780 Cappadociae
678 735 753 778 (111
774 735 808 768 S.
832 734 940 774 6772‚·
961 733 1078 767 Revue
1100 731 1254 767 arctabat.
1278 733 1335 775 42,
1359 732 1448 766 4888
1468 743 1504 775 p.
1526 732 1604 766 374.

193 837 306 884 1662
345 839 381 879 d.
411 851 463 878 m.
490 837 497 892 Ι
523 838 655 878 Fausti
685 838 833 890 quond.
860 837 867 891 Ι
893 839 1104 889 Augustor.
1132 836 1139 890 Ι
1165 849 1210 876 ex
1241 833 1603 890 dispensatolribus‚
1630 833 1638 890 Ι
1663 835 1781 874 Ame-

79 909 237 961 thystus
263 905 445 958 vilkarius
474 907 571 946 eius.

191 974 365 1017 Lugduni
385 984 460 1016 rep.
484 984 517 1006 a.
539 973 626 1006 4886
650 972 803 1015 (Allmer
826 974 862 1004 et
882 971 1037 1005 Dissard
1059 969 1177 1004 museo
1199 971 1242 1004 de
1266 970 1370 1014 Lyon
1393 971 1411 1003 Ι
1429 981 1468 1013 p.
1490 971 1590 1012 202).

191 1074 305 1121 1663
347 1077 552 1129 Laphyrus
573 1074 580 1129 Ι
602 1076 798 1116 Antoniae
819 1072 826 1130 Ι
847 1075 985 1116 Drusi¹
1011 1075 1018 1128 Ι
1044 1074 1304 1127 dispensator.
1327 1071 1342 1128 ΙΙ
1383 1072 1650 1114 Diadumenus
1672 1074 1678 1128 Ι
1699 1073 1781 1113 An-

75 1145 208 1186 toniae
233 1143 240 1198 Ι
265 1145 382 1186 Drusi
406 1143 413 1199 Ι
440 1156 462 1183 3
489 1156 623 1183 manu.

189 1210 321 1244 Romae
343 1221 417 1254 rep.
441 1213 480 1243 in
504 1211 723 1243 columbario
749 1210 968 1243 columbario
993 1209 1147 1252 quodam
1170 1211 1276 1241 extra
1295 1211 1441 1250 portam
1460 1207 1686 1241 Tiburtinam
1708 1218 1783 1240 una

78 1278 158 1302 eum
180 1267 226 1302 N.
242 1267 337 1302 4695.
359 1267 445 1301 4696
468 1267 579 1310 (Ball.
604 1277 690 1300 cont.
714 1267 802 1300 4885
820 1276 860 1309 p.
875 1266 966 1309 409).
990 1285 1039 1290 -
1064 1267 1097 1307 1)
1121 1264 1176 1304 Cf.
1201 1265 1250 1298 ad
1271 1263 1317 1298 N.
1341 1265 1437 1299 4695.

192 1357 307 1403 1664
349 1358 494 1399 Sabbio
510 1359 742 1411 pup.Valer.
761 1355 767 1410 Ι
784 1358 1031 1399 Messallinae
1042 1359 1054 1379 ¹
1068 1358 1168 1410 disp.
1207 1358 1272 1397 hie
1287 1358 1399 1405 situs,
1417 1354 1423 1411 Ι
1441 1357 1534 1397 vixit
1553 1369 1647 1397 ann.
1663 1356 1782 1396 XXX.

190 1425 322 1458 Romae
344 1425 417 1464 (VJ
428 1427 514 1459 8840
537 1426 630 1460 vidit
646 1425 815 1468 Henzen).
835 1444 875 1449 —
900 1427 933 1467 1)
949 1425 1048 1468 Papa
1068 1424 1215 1458 Valeria
1231 1424 1435 1457 Messauina
1459 1425 1581 1457 eadem
1605 1426 1667 1466 est,
1691 1433 1782 1466 quae

77 1484 202 1526 nupsit
223 1481 381 1516 Claudio.

193 1572 304 1618 1665
348 1573 386 1613 d.
415 1586 468 1613 m.
494 1574 502 1626 Ι
527 1573 708 1612 Ianuario
734 1572 742 1626 Ι
768 1572 921 1612 arkario
947 1570 955 1625 Ι
981 1572 1211 1612 Cornificiae
1236 1576 1244 1625 Ι
1270 1573 1368 1624 Aug.
1390 1573 1572 1621 sororis¹‚
1601 1572 1607 1626 Ι
1633 1572 1782 1626 dignis—

80 1643 180 1683 simo
210 1639 440 1696 eandifidatm
466 1639 473 1695 Ι
501 1641 750 1693 Hymenaeus
778 1640 903 1692 Augg.
931 1638 939 1693 Ι
964 1670 1199 1680 ........

194 1708 327 1742 Romae
349 1707 519 1748 (V18724
550 1707 644 1740 vidit
665 1707 963 1749 lang-meister).
994 1725 1039 1730 —-
1071 1708 1104 1747 1)
1132 1707 1186 1739 De
1217 1706 1410 1747 Contifi'cia
1441 1707 1487 1740 M.
1516 1706 1661 1740 Aurelii
1690 1706 1784 1746 filia,

80 1767 240 1809 Aug-usti
263 1766 327 1805 (se.
354 1763 549 1805 Commodi)
573 1773 696 1797 sorore
719 1762 765 1803 ef:
791 1763 967 1806 Borghesi
991 1774 1045 1806 op.
1069 1764 1095 1797 3
1115 1774 1150 1806 p.
1167 1764 1247 1797 242.

195 2012 307 2059 1666
349 2013 543 2054 Narcissi¹
572 2014 671 2065 Aug.
702 2013 727 2053 l.
758 2013 807 2053 ab
837 2013 1028 2065 epistulis.

193 2081 325 2115 Romae
347 2090 432 2123 rep„
455 2079 577 2120 fistula
598 2079 762 2122 plumbea
786 2081 938 2121 aquaria
964 2079 1073 2120 (Buu.
1090 2089 1177 2112 eona.
1194 2079 1279 2114 4886
1292 2090 1328 2123 p.
1344 2079 1436 2123 404).
1451 2098 1498 2105 -
1521 2082 1551 2122 1)
1576 2081 1640 2114 Est
1665 2083 1695 2114 is
1719 2083 1784 2124 qui

83 2139 232 2173 Claudio
256 2136 332 2178 fuit
354 2138 398 2170 ab
423 2136 584 2179 epistulis
607 2135 721 2175 (Suet.
746 2136 794 2170 cl.
817 2137 876 2171 28.
900 2136 970 2168 Dio
992 2138 1045 2178 60,
1060 2137 1115 2171 34.
1141 2136 1269 2169 Victor
1292 2147 1344 2180 ep.
1366 2138 1400 2179 4,
1414 2138 1465 2180 9).

194 2239 307 2285 1667
350 2240 387 2280 d.
426 2251 478 2279 m.
504 2240 512 2292 Ι
538 2239 588 2278 Μ.
618 2239 733 2291 Ulpio
763 2241 861 2291 Aug.
899 2239 966 2279 lib.
994 2239 1001 2293 Ι
1027 2239 1179 2280 Vernae
1213 2245 1220 2294 Ι
1246 2240 1294 2280 ab
1335 2240 1511 2292 epistulis
1536 2238 1544 2294 Ι
1572 2240 1741 2290 Latinis,
1772 2241 1779 2290 Ι

81 2310 192 2350 Vibia
222 2307 368 2349 Thisbe
394 2307 401 2360 Ι
427 2319 527 2347 uxor
551 2305 559 2359 Ι
584 2306 860 2347 infelicissima.

196 2376 299 2415 Pisis,
321 2384 417 2407 nunc
439 2373 646 2407 Florentiae
671 2372 836 2416 (Χ14454
858 2374 950 2406 vidit
975 2374 1185 2415 Boo-mann).

197 2464 311 2512 1668
352 2466 389 2505 d.
420 2478 472 2505 m.
505 2465 512 2518 Ι
546 2465 596 2505 Μ.
628 2466 722 2504 Aur.
757 2465 975 2505 Alexander
999 2466 1006 2519 Ι
1033 2467 1132 2518 Aug.
1161 2465 1243 2514 lib„
1280 2465 1328 2506 ab
1359 2466 1537 2519 epistulis
1570 2464 1577 2522 Ι
1611 2468 1782 2517 Graecis,

83 2548 125 2576 se
155 2535 269 2576 vibus
298 2534 390 2575 fecit
415 2533 422 2588 Ι
448 2533 521 2574 sibi
553 2538 591 2572 et
619 2532 791 2584 suisque,
816 2535 824 2583 Ι
849 2531 998 2574 libertis
1027 2532 1242 2574 libertabus
1266 2531 1275 2587 Ι
1299 2534 1546 2586 posterisque
1576 2548 1711 2577 aeoru.

197 2600 327 2635 Romae
351 2600 423 2641 (VI
432 2601 519 2634 8606
543 2599 652 2633 deser.
677 2598 859 2639 Smetius).

197 2691 308 2738 1669
349 2692 533 2734 Aurelius
562 2690 781 2732 Alexander
809 2702 920 2743 prox.
950 2691 998 2731 ab
1025 2688 1032 2745 Ι
1057 2692 1212 2745 epistul.
1243 2692 1349 2742 Lat.;
1379 2693 1546 2746 Digitius
1575 2694 1680 2733 fecit.

199 2759 320 2794 Gabiis
342 2770 429 2803 rep„
451 2758 570 2800 fielula
592 2757 756 2802 plumbea
781 2758 934 2800 aquaria
958 2757 1161 2799 (31172815
1185 2759 1296 2793 deser.
1319 2759 1525 2801 Mar-iuius).

200 2849 310 2896 1670
351 2851 411 2892 Ti.
442 2851 602 2891 Claudio
631 2850 796 2902 Augusti
832 2849 972 2891 liberto
1006 2849 1014 2905 Ι
1048 2851 1238 2892 Primioni
1274 2854 1321 2892 ab
1351 2852 1550 2904 epistulis,
1583 2851 1590 2905 Ι
1624 2851 1779 2891 Volusia

85 2917 255 2980 Myrallis
285 2919 377 2959 feeit
406 2919 487 2959 viro
517 2931 590 2959 suo
615 2917 623 2973 Ι
648 2918 750 2958 bene
779 2919 949 2959 merenti
978 2925 1017 2959 et
1045 2919 1132 2967 sibi,
1163 2920 1230 2971 qui
1259 2919 1353 2960 vixit
1381 2919 1496 2959 annis
1527 2949 1669 2958 .....

196 2985 326 3019 Romu
347 2986 521 3029 (718605
542 2985 635 3018 vidit
657 2985 827 3028 Henzen).
