1968 3268
538 129 655 165 Tituli
677 129 837 165 virorum
860 131 898 164 et
918 127 1112 163 muliorum
1135 125 1274 162 ordinis
1298 123 1486 161 senatorii.
1784 121 1868 161 285

162 253 292 289 tutum
320 246 489 288 tuetioni
518 243 706 301 ominium
736 245 949 285 voluerunt
977 256 1063 284 esse
1093 254 1317 290 commune,
1347 238 1561 295 adnittente
1590 240 1694 280 etian
1726 252 1760 279 r.
1784 239 1870 288 inl„

163 329 264 356 com.
294 328 339 356 ac
368 316 490 355 fratre
509 311 728 366 melmorati
746 313 832 361 viri,
862 312 917 353 Cl.
939 311 1087 364 Lepido
1117 324 1163 351 ex
1185 310 1381 351 consulari
1408 308 1415 363 Ι
1441 308 1673 350 Germaniae
1702 308 1867 361 primae,

163 397 212 424 ex
241 396 343 436 mag.
372 396 552 431 memor.,
579 381 586 435 Ι
612 395 660 422 ex
683 394 785 422 com.
810 392 944 421 rerum
965 381 1117 432 privat„
1146 387 1191 419 ut
1210 391 1302 431 erga
1322 375 1513 431 omniium
1533 376 1700 416 salutem
1720 372 1869 429 eoruflm

162 452 335 493 studium
365 449 416 506 οΙῑ
446 450 675 503 ἀενοΙῑίουίε
703 445 919 504 ριὼὶίοΙαε]
952 446 1101 501 tiltulus
1130 443 1287 503 possi[t]
1321 446 1490 487 ostendi.

275 519 318 552 In
336 520 528 562 provincia
556 517 779 551 Narbonensi
798 526 910 559 prope
932 518 1050 548 vicum
1074 515 1234 548 sister-on
1258 515 1360 553 (olim
1379 513 1587 555 Segustero)
1610 513 1649 544 in
1672 512 1756 544 viva
1779 520 1872 553 rupe

161 577 313 609 incisum
337 574 422 615 (XII
444 575 532 608 4524
555 574 648 607 vidit
670 571 905 615 Hirschfeld).
934 591 980 597 ——
1006 574 1038 614 1)
1061 571 1293 605 Libellorum.
1316 589 1359 594 -
1387 571 1420 610 2)
1444 569 1641 602 Dardanus
1663 569 1721 601 hic
1743 577 1873 600 memo-

164 635 275 666 ratur
298 636 333 665 et
355 632 453 675 apud
473 642 594 664 rerum
616 632 808 673 scriptores
837 631 872 662 et
900 630 945 662 ab
967 629 1175 671 Augustino
1200 628 1503 671 Hieronymoque,
1535 624 1583 665 cf.
1608 624 1813 664 Hirschfeld
1835 627 1872 657 et

163 689 357 722 Mommsen
381 689 417 722 C.
440 689 509 723 XII
532 689 555 721 1.
579 699 631 729 c.;
654 685 863 730 praefectus
888 687 1075 728 praetorio
1102 685 1304 718 Galliarum
1338 682 1509 724 (secundo
1539 684 1583 714 ut
1614 681 1773 723 videtur)
1798 679 1876 720 fuit

165 757 198 780 a.
214 745 402 780 409-415.
418 765 460 770 —
479 747 514 787 3)
530 744 755 787 bztellegitur
770 745 871 776 vicus
885 753 958 775 non
974 743 1080 784 longe
1097 753 1118 774 o
1135 752 1226 784 rupe
1241 741 1305 774 illa
1330 741 1469 774 distans
1485 740 1590 773 hodie
1608 740 1723 772 dictus
1743 738 1873 772 The'ou.

279 801 396 860 1280
437 815 564 855 Brutt.
585 814 817 854 Aurelianae
847 826 881 852 c.
912 813 953 861 ἱ,
978 812 985 865 Ι
1011 812 1113 852 filiae
1138 811 1341 851 Musulami
1373 816 1530 862 patron.
1561 816 1600 848 et
1620 809 1811 863 Astelriae'
1835 821 1872 848 c.

164 883 214 932 ᾖ,
255 884 363 936 nepti
393 883 606 923 Marcellin.
637 895 684 922 ex
715 882 847 922 comit.
874 880 881 931 Ι
907 888 946 921 et
974 881 1148 920 Marinae
1179 886 1219 919 et
1249 878 1457 919 Gallicani¹
1493 890 1622 917 conss.
1648 877 1657 931 Ι
1683 876 1873 924 ordinari,

167 963 268 1004 quae
295 951 391 990 vixit
419 963 512 991 ann.
542 949 716 990 XXXVII
741 948 750 1003 Ι
775 963 901 990 mens.
930 949 966 988 X
994 949 1079 988 dies
1108 947 1271 994 XVIIII,
1307 946 1359 986 ob
1389 946 1529 986 merita
1555 945 1561 998 Ι
1586 946 1805 985 honestatis
1835 950 1875 984 et

168 1019 403 1059 concordiae
429 1018 435 1073 Ι
462 1019 691 1070 coniugalis,
722 1018 778 1057 Fl.
799 1017 933 1057 Vitalis
953 1029 986 1056 r.
1009 1029 1043 1057 c.
1073 1024 1224 1068 proteo.
1252 1014 1258 1069 Ι
1285 1023 1324 1055 et
1353 1013 1563 1061 notarius²,
1594 1014 1708 1053 uxori
1737 1025 1874 1052 aman-

162 1087 335 1128 tissimae
360 1087 366 1140 Ι
392 1093 433 1127 et
459 1087 546 1128 sibi.

277 1154 450 1195 Mutinae,
475 1164 561 1187 arco
585 1163 787 1186 marmorea
813 1155 943 1186 ornata
969 1151 1037 1191 (XI
1056 1152 1124 1186 850
1149 1151 1336 1193 descripsit
1356 1150 1570 1191 Bor-mann).
1594 1169 1639 1173 —-
1667 1150 1699 1190 1)
1726 1148 1876 1182 Videtur

165 1221 240 1244 esse
266 1210 472 1244 GallIcanus
495 1210 621 1243 consul
643 1210 852 1242 ordinarius
875 1221 907 1242 a.
931 1210 1012 1244 550.
1044 1228 1091 1232 —-
1123 1210 1156 1250 2)
1179 1209 1332 1250 Pmpter
1355 1208 1631 1241 clarissimatnm
1656 1206 1877 1248 adscriptum

163 1269 365 1310 protectori
386 1267 606 1310 Borghesius
630 1277 708 1309 opp.
724 1268 746 1300 6
764 1277 801 1309 p.
818 1266 887 1300 578
910 1266 1055 1298 titulum
1079 1267 1233 1298 incisum
1253 1268 1360 1308 putat
1382 1276 1455 1298 non
1479 1268 1562 1297 ante
1586 1274 1618 1295 a.
1634 1262 1696 1296 444
1713 1260 1780 1302 (cf.
1798 1262 1875 1296 cod.

170 1323 296 1358 Theou.
320 1326 352 1366 6,
374 1325 431 1364 24,
452 1325 502 1366 7),
524 1325 643 1356 nescio
673 1333 760 1356 num
783 1326 888 1357 reete.
935 1323 1133 1355 Domestici
1155 1325 1190 1354 et
1210 1324 1367 1362 notarii,
1392 1333 1438 1355 cx
1462 1331 1615 1364 quorum
1637 1330 1785 1352 numero
1818 1319 1877 1351 hic

163 1383 347 1423 protector
370 1384 406 1413 et
427 1382 593 1413 notarius
616 1380 758 1412 videtur
779 1378 894 1419 fuisse
926 1378 990 1419 (cll
1014 1379 1205 1412 Mommsen
1230 1380 1306 1422 eph.
1331 1389 1384 1421 ep.
1406 1380 1431 1411 5
1457 1389 1494 1421 p.
1519 1377 1614 1421 457),
1645 1378 1719 1410 iam
1753 1387 1785 1409 a.
1808 1376 1875 1409 581

167 1437 418 1470 eonmloribns
440 1439 665 1479 aequiperati
686 1439 780 1469 sunt.

284 1504 396 1551 1281
443 1507 590 1558 Spedii.
618 1505 624 1558 Ι
664 1506 785 1545 Acilio
806 1505 1009 1545 Glabrioni
1031 1506 1179 1545 Sibidio
1208 1518 1243 1544 v,
1265 1518 1299 1544 c.
1331 1511 1371 1544 et
1390 1504 1576 1544 omnibus
1602 1502 1609 1556 Ι
1634 1503 1785 1543 meritis
1814 1503 1877 1542 in·

168 1575 295 1623 lustri,
325 1575 453 1627 legato
483 1575 523 1614 in
554 1574 755 1626 provincia
785 1574 942 1621 Achaia,
969 1574 975 1626 Ι
1002 1573 1200 1613 consulari
1231 1573 1478 1625 Campaniae,
1509 1572 1653 1611 vicario
1685 1583 1756 1623 per
1785 1570 1877 1610 Gal-

169 1642 241 1683 lias
266 1642 273 1695 Ι
298 1649 448 1694 septem
470 1642 784 1694 provinciarum,
814 1642 915 1681 sacri
944 1642 1127 1681 auditorii
1148 1638 1367 1695 cogniltori,
1399 1641 1474 1679 fori
1494 1640 1657 1679 huiusce
1678 1638 1878 1679 inventori

166 1716 210 1751 et
239 1710 436 1751 conditori
466 1707 619 1765 prilmo,
650 1710 752 1762 patri
782 1709 1111 1755 reverentissimo,
1142 1709 1304 1748 Anicius
1322 1708 1470 1748 Acilius
1494 1706 1502 1760 Ι
1528 1707 1685 1748 Glabrio
1710 1707 1878 1747 Faustus

168 1792 204 1819 v.
226 1780 290 1826 c.¹,
322 1778 399 1818 loci
420 1783 594 1823 ornator,
625 1784 795 1829 togatam
822 1777 828 1830 Ι
854 1784 1021 1817 statuam
1052 1777 1224 1817 offerens
1257 1777 1344 1830 piac
1376 1789 1458 1816 non
1489 1775 1622 1816 minus
1651 1787 1766 1828 quam
1796 1772 1878 1830 del-

169 1854 281 1887 votae
311 1846 455 1886 mentis
485 1846 676 1897 religione
708 1847 931 1898 ponendam
958 1846 964 1897 Ι
991 1845 1299 1897 erigendamque
1330 1845 1491 1884 curavit.

284 1912 415 1946 Roman
438 1911 508 1950 (VI
529 1905 613 1946 4678
634 1912 728 1945 vidit
749 1913 919 1953 Henzen).
946 1931 985 1936 -—
1018 1915 1049 1949 l)
1075 1911 1128 1951 Cl.
1151 1911 1196 1945 N.
1214 1912 1316 1945 4283.

284 1979 399 2027 1282
440 1981 677 2022 Tarrutenii.
705 1980 711 2035 Ι
750 1981 987 2021 Tarrutenio
1009 1981 1295 2021 Maximiliano¹
1318 1993 1351 2020 r.
1374 1993 1408 2020 c.
1432 1978 1438 2035 Ι
1461 1979 1876 2032 eloquentissimoque,

173 2050 372 2090 consulari
397 2048 404 2103 Ι
431 2049 563 2089 Piceni
593 2062 699 2089 anno
729 2050 865 2090 aetatis
895 2050 1179 2097 nonodecimo,
1206 2053 1212 2099 Ι
1241 2049 1382 2089 vicario
1418 2049 1529 2089 urbis
1560 2049 1720 2096 Romae,
1750 2048 1877 2100 legato

172 2116 411 2170 amplislsimi
440 2124 600 2158 senatus
629 2118 817 2164 secundo,
847 2130 985 2158 socero
1012 2115 1019 2172 Ι
1045 2117 1361 2169 exoptatissimo,
1392 2117 1554 2157 Anicius
1584 2117 1730 2157 Acilius
1754 2115 1761 2170 Ι
1788 2116 1878 2156 Gla-

171 2187 260 2226 brio
291 2186 456 2226 Faustus
483 2198 519 2224 v.
550 2185 615 2233 c.²,
644 2185 720 2225 loci
750 2185 866 2225 buius
899 2184 905 2239 Ι
942 2192 1115 2231 ornator,
1146 2190 1316 2236 togatam
1346 2192 1514 2225 statuam
1540 2183 1546 2236 Ι
1572 2184 1700 2224 libens
1738 2183 1878 2237 optuli.

174 2259 233 2300 (In
246 2261 354 2303 parte
370 2268 494 2291 auersa
513 2257 660 2300 lapidis)
675 2253 837 2293 Anicius
857 2253 1004 2293 Acilius
1025 2252 1183 2292 Glabrio
1203 2253 1371 2292 Faustus
1388 2251 1394 2306 Ι
1411 2265 1447 2291 r.
1478 2264 1511 2292 c.
1540 2251 1681 2291 consul
1709 2251 1879 2291 dicavit?

285 2319 417 2354 Romae
439 2330 512 2362 rep.
538 2319 723 2352 dicebatur
745 2322 784 2352 in
806 2318 890 2359 l'oro
914 2319 1092 2359 Romano,
1124 2323 1176 2352 est
1199 2322 1237 2351 in
1260 2330 1379 2352 museo
1405 2319 1580 2352 Vaticano
1606 2318 1678 2359 (VI
1699 2319 1808 2360 4767).
1834 2337 1877 2343 -—

174 2378 209 2420 1)
240 2377 306 2410 Hic
336 2377 480 2409 videtur
508 2386 581 2408 esse
604 2376 876 2409 Maximilianus
905 2376 954 2408 ad
984 2386 1086 2418 quem
1111 2375 1346 2419 Symmachus
1370 2375 1467 2408 dedit
1489 2375 1671 2418 epistulas.
1694 2394 1740 2399 —
1764 2377 1799 2413 2)
1825 2374 1879 2415 CI:

172 2433 218 2468 N.
241 2434 343 2468 4283.
377 2453 417 2457 —
449 2434 484 2473 3)
507 2432 601 2465 Haec
630 2442 703 2465 non
734 2432 826 2465 vidit
847 2432 1006 2471 Hermen,
1038 2443 1103 2466 nec
1133 2435 1248 2474 magis
1282 2442 1372 2475 quae
1398 2434 1438 2464 in
1462 2432 1582 2464 codem
1604 2442 1695 2465 saxo
1719 2433 1881 2465 extitisse

174 2490 346 2523 dicuntur
368 2489 507 2523 deornm
532 2488 688 2532 participi
709 2487 714 2531 Ι
735 2488 908 2522 hominum
933 2489 1067 2522 nutrici.

288 2557 402 2604 1283
446 2559 585 2598 Anicio
616 2558 766 2598 Achilio
797 2557 1011 2611 Glabriloni
1043 2558 1206 2599 Fausto¹
1236 2558 1464 2612 clarisflsimo
1498 2559 1602 2605 viro,
1642 2559 1840 2611 quaestori
1871 2557 1877 2612 Ι

175 2627 397 2670 candidato,
427 2626 600 2679 praetori
626 2624 633 2681 Ι
659 2625 803 2665 tutilari
836 2632 933 2673 (sle),
964 2626 1117 2667 comitis
1151 2631 1232 2672 (sic)
1268 2625 1380 2680 inltra
1410 2626 1701 2675 consistorium,
1728 2625 1736 2678 Ι
1762 2626 1879 2666 tertio

175 2695 375 2747 praesecto
397 2694 521 2746 uribi²
552 2694 757 2745 utriusque
778 2693 932 2746 inpelrii
956 2694 1086 2734 iudicii
1119 2699 1202 2740 (sic)
1223 2693 1508 2747 sublimitalto’,
1540 2694 1739 2746 praefecto
1762 2705 1879 2745 prae-

174 2759 289 2815 tolrio
310 2762 442 2803 Italiae
463 2762 593 2802 Africe
618 2768 656 2801 et
681 2759 688 2813 Ι
715 2760 908 2813 lnlyrici⁴,
940 2762 1046 2813 quod
1076 2768 1116 2801 et
1144 2761 1434 2814 praezsentibus
1463 2762 1610 2814 gloriae
1640 2767 1678 2800 et
1703 2760 1710 2813 Ι
1738 2761 1881 2802 futuris

174 2828 458 2884 intcitamenlto
479 2836 563 2874 (sic)
590 2829 636 2869 ad
657 2829 839 2869 virtutem
861 2830 945 2870 fore
970 2835 1066 2878 (sie),
1086 2830 1330 2882 rogantibus
1350 2830 1530 2874 Aricinis,
1558 2830 1564 2880 Ι
1591 2829 1658 2880 qui
1680 2828 1881 2869 beneficiis

175 2903 215 2937 et
243 2896 438 2952 relmediis
476 2897 649 2938 eiusdem
681 2894 920 2949 ampl!issimi
949 2898 1020 2938 viri
1055 2898 1103 2938 ab
1133 2897 1420 2949 intorafbilibus
1451 2902 1536 2941 (sic)
1567 2895 1880 2949 necessitatibus

169 2964 332 3005 fuerant
359 2964 566 3018 vindicalti,
597 2964 648 3004 ob
679 2964 862 3016 praestita
882 2965 986 3006 circa
1012 2967 1019 3019 Ι
1044 2978 1086 3007 se
1107 2965 1312 3010 beneficia.
1344 2965 1440 3004 ordo
1468 2963 1475 3016 Ι
1501 2970 1539 3003 et
1559 2964 1662 3004 cives
1683 2970 1847 3004 statuam
1871 2961 1876 3017 Ι

176 3032 494 3073 conlocaverunt.
