1968 3268
767 185 882 221 Tituli
904 185 1089 222 militares.
1695 185 1777 223 499

78 311 152 335 non
175 301 339 344 intellegi
354 302 508 345 possint,
531 302 571 334 in
587 302 642 334 his
656 299 900 344 fragmentum
915 301 1078 334 additum
1093 312 1115 334 a
1132 300 1313 343 Purgoldo
1329 301 1406 344 eph.
1421 311 1475 344 ep.
1489 300 1522 343 7,
1536 300 1632 344 564).
1673 300 1781 334 Trac-

79 361 171 393 tavit
197 359 342 392 Dehner
363 357 544 390 Hadriani
573 357 749 400 reliquiae
776 358 958 400 particula
981 357 1003 390 I
1031 357 1131 401 (diss.
1159 357 1273 392 Bonn.
1297 357 1413 399 4875).
1437 375 1480 382 --
1513 357 1630 391 Verba
1658 355 1781 397 facere

77 416 303 450 Hadrianum
326 424 422 448 anno
443 413 522 453 fere
535 414 603 448 429
619 414 805 456 colligitur
819 424 866 447 ese
887 416 1064 448 mentione
1081 414 1256 449 Catullini
1275 414 1388 457 legati
1411 411 1476 454 (cll
1492 412 1595 454 infra
1616 416 1692 447 not.
1708 413 1780 455 48).

78 473 121 506 In
143 470 268 512 fronte
291 472 386 504 basis
407 471 576 507 videntur
597 472 801 514 perscripta
830 469 945 510 fuisse
974 472 1080 504 verba
1110 469 1214 511 facta
1245 472 1289 503 ab
1313 470 1497 503 Hadriano
1521 469 1707 504 Lambaesi
1733 470 1784 504 ad

36 568 40 570 ,
77 529 253 573 leg-ionem
281 529 427 561 tertiam
448 527 670 569 Augustam,
697 529 737 560 in
761 526 932 560 lateribus
953 528 1061 560 verba
1086 529 1213 570 quibus
1235 527 1328 560 idem
1350 526 1539 560 adlocutus
1560 530 1614 560 est
1636 526 1780 560 auxilia

77 587 258 619 exereitus
271 583 443 625 Africani
462 587 535 617 tam
550 583 738 617 Lambaesi
752 594 859 625 quam
881 584 964 617 aliis
989 584 1075 617 loeis
1098 584 1290 619 tendentia.
1309 603 1349 608 -
1378 585 1411 626 1)
1433 584 1662 626 Intellegitur
1684 584 1779 626 lega—

76 645 146 683 tus,
169 642 212 674 de
233 652 303 685 quo
327 639 427 680 infra
451 643 524 674 not.
540 641 594 674 48.
609 658 656 665 -
680 641 713 681 2)
737 640 791 672 De
814 640 880 673 hoc
903 641 1014 683 legati
1035 639 1232 674 Numidiae
1254 651 1342 683 erga
1359 641 1610 684 proconsulem
1631 638 1782 680 Africae

79 698 202 740 officio
232 700 312 740 agit
334 697 549 740 Marquardt
572 697 726 730 Staatsv.
749 696 793 729 12
821 706 861 740 p.
883 698 957 731 469.
982 716 1025 721 -
1051 699 1085 739 3)
1107 697 1347 740 Intellegentia
1371 700 1424 730 est
1451 700 1516 730 aut
1547 697 1640 739 legio
1670 698 1779 730 tertia

80 755 216 789 Gallica
240 757 306 788 aut
328 755 436 787 tertia
460 753 668 798 Cyrenaica.
694 773 735 777 -
760 754 795 795 4)
818 753 872 785 De
894 755 1154 787 mutationibus
1177 757 1377 787 castrorum
1405 755 1587 788 exercitus
1608 752 1783 793 Africani

78 811 124 851 cll
155 811 225 845 Μο.
258 811 293 845 0.
319 810 411 844 VIII
433 820 469 853 p.
493 809 577 844 XXI
603 813 677 843 not.
700 811 731 844 4.
761 828 809 835 -
839 811 872 852 5)
901 810 1050 854 Equites
1073 811 1165 854 (vels
1196 811 1389 855 equitibus)
1422 811 1574 854 leg-ionis
1608 812 1679 854 (eq.
1712 811 1780 853 leg.

77 878 228 911 erasum,
252 868 466 910 temporibus
487 868 564 899 sine
587 867 694 900 dubio
721 865 906 907 Gordiani,
930 866 977 907 cll
1001 866 1046 901 Ν.
1061 868 1154 901 2296
1176 871 1249 901 not.
1272 870 1309 910 5,
1330 867 1393 901 sed
1414 867 1489 910 leg-i
1504 869 1627 910 potuit
1648 878 1671 900 a
1691 866 1781 900 Wl-

76 924 271 968 mannsio).
285 942 332 949 —
348 925 382 966 6)
397 923 452 956 De
466 924 684 957 iaculatione
697 926 851 966 petrina,
872 924 914 957 de
930 934 1001 966 qua
1016 924 1198 957 Arrianus
1215 926 1298 957 tact.
1312 925 1369 965 57,
1384 926 1416 967 4,
1432 934 1540 967 agere
1559 924 1782 957 Hadrianum

78 981 129 1025 (et
147 982 312 1024 petrinae
334 980 545 1013 vocabulum
559 980 793 1023 supplendum
808 991 881 1013 esse
894 981 1003 1013 initio
1025 991 1150 1013 versus
1163 980 1357 1024 sequentis)
1382 984 1500 1014 censet
1511 980 1658 1014 Dehner
1677 991 1712 1024 p.
1728 980 1782 1014 44.

76 1057 120 1063 --
145 1040 179 1080 7)
202 1037 262 1071 Ad
283 1039 385 1070 cuius
403 1038 550 1079 generis
570 1037 700 1069 milites
722 1037 809 1069 haec
831 1038 939 1070 verba
960 1035 1062 1077 sacta
1083 1039 1173 1078 sint,
1202 1047 1275 1070 non
1306 1040 1458 1080 apparet
1484 1037 1583 1078 (fieri
1602 1039 1720 1080 potest
1740 1039 1784 1070 ut

70 1094 322 1138 fragmentum
350 1092 528 1136 quoddam
559 1092 798 1126 adlocutionis
827 1105 906 1127 cum
938 1095 1117 1126 mentione
1149 1094 1306 1127 cohortis
1332 1094 1509 1127 secundae
1539 1094 1781 1137 Hispanorum

76 1151 265 1185 Lambaesi
286 1152 328 1182 ut
349 1149 494 1183 videtur
514 1149 704 1190 tendentis,
736 1149 784 1190 cf.
810 1150 845 1184 C.
870 1150 962 1184 VIII
980 1151 1086 1190 2787,
1112 1151 1364 1193 praecesserit,
1395 1152 1431 1182 et
1452 1152 1559 1183 verba
1584 1150 1684 1190 facta
1707 1151 1784 1183 sint

78 1209 127 1242 ad
148 1217 225 1241 eam
248 1207 463 1247 cohortem)‚·
489 1207 556 1238 hoc
579 1209 730 1249 apparet
751 1208 815 1249 agi
838 1207 881 1240 de
902 1209 1100 1240 munitione
1124 1210 1325 1240 castrorum
1346 1207 1536 1240 subitaria.
1559 1225 1605 1231 —
1629 1207 1664 1249 8)
1686 1206 1783 1239 Haec

74 1266 256 1309 pertinere
270 1263 438 1296 videntur
461 1262 510 1294 ad
530 1262 627 1294 alam
642 1264 810 1305 aliquam,
834 1267 876 1296 ut
890 1263 1015 1306 colligi
1033 1266 1151 1306 potest
1170 1274 1216 1296 esc
1237 1265 1416 1296 mentione
1432 1262 1615 1306 praefecti
1635 1266 1671 1295 et
1684 1265 1783 1305 equi-

79 1323 169 1362 tum,
199 1323 235 1353 et
259 1321 415 1353 maxime
446 1330 492 1351 ecc
523 1321 700 1352 mentione
725 1314 855 1352 ‘alaris
883 1313 1174 1353 exercitationi-5²
1213 1317 1316 1359 infra
1349 1317 1413 1360 (esi
1445 1322 1519 1355 not.
1548 1320 1607 1363 44)
1637 1320 1780 1353 iniecta.

49 1419 55 1424 ι
79 1396 123 1402 -
146 1379 180 1419 9)
205 1377 357 1411 Videtur
378 1375 553 1408 excidisse
575 1386 704 1408 nomen
727 1377 902 1419 auctoris,
926 1378 1027 1409 cuius
1046 1378 1236 1419 praecepta
1261 1375 1317 1407 vel
1338 1376 1442 1408 cuius
1465 1375 1691 1419 disciplinam
1711 1386 1780 1420 pro

78 1444 205 1467 norma
228 1434 354 1466 haberi
376 1432 489 1465 voluit
512 1433 728 1466 Hadrianus.
746 1452 790 1457 -
816 1434 870 1474 10)
886 1433 1003 1466 Zarai
1026 1432 1193 1475 oppidum
1213 1431 1418 1474 Numidiae,
1441 1442 1511 1475 quo
1536 1433 1612 1466 loeo
1629 1433 1782 1466 Hadria-

78 1500 164 1523 num
187 1499 304 1522 mense
327 1489 420 1522 Iulio
444 1490 623 1522 cohortem
646 1489 803 1531 aliquam
827 1489 1034 1522 adlocutum
1058 1499 1130 1521 csse
1158 1488 1329 1521 videmus.
1352 1507 1396 1512 —
1422 1489 1478 1530 11)
1501 1488 1671 1532 Spectare
1693 1490 1781 1521 haec

80 1548 130 1581 ad
158 1547 297 1590 pedites
330 1547 487 1579 cohortis
519 1548 643 1579 sextae
673 1545 989 1587 Commagenorum
1022 1545 1106 1578 inde
1140 1544 1263 1586 colligi
1287 1547 1421 1587 potest,
1457 1545 1554 1587 quod
1582 1547 1783 1588 sequuntur

78 1605 186 1637 verba
215 1601 317 1643 faeta
350 1602 398 1634 ad
426 1603 561 1644 equites
596 1601 750 1634 eiusdem
781 1602 948 1635 cohortis.
979 1619 1026 1626 -—
1055 1602 1110 1644 12)
1141 1600 1264 1644 Campi
1293 1601 1333 1632 hi
1364 1604 1553 1644 praeterea
1578 1602 1708 1644 ignoti.
1735 1618 1783 1625 —-

82 1662 137 1701 13)
167 1660 317 1703 Equites
346 1658 436 1702 (veh
464 1659 657 1700 equitibus)
690 1659 846 1690 cohortis
877 1661 1001 1691 sea-tae
1026 1657 1353 1699 Commagenorum.
1399 1657 1456 1689 Ea
1486 1658 1614 1690 cohors
1641 1656 1783 1689 videtur

78 1716 267 1750 tetendisse
289 1715 403 1748 Zarai
424 1716 465 1746 in
480 1713 653 1747 Numidia
680 1712 744 1757 (cf.
767 1714 802 1749 C.
830 1715 916 1748 VIII
937 1715 1054 1759 4526).
1077 1732 1123 1738 —
1149 1716 1202 1756 14)
1226 1714 1387 1756 Apparet
1410 1714 1636 1747 Hadrianum
1655 1712 1782 1755 paullo

80 1776 185 1807 antea
208 1773 419 1817 spectavisse
442 1774 601 1814 equitum
625 1770 781 1803 alarium
805 1772 1090 1805 exercitationes.
1113 1790 1158 1794 —
1185 1773 1239 1812 15)
1262 1769 1459 1812 Explicare
1487 1771 1574 1803 haec
1597 1770 1784 1812 temptavit

80 1829 224 1863 Dehner
245 1840 280 1873 p.
304 1829 357 1862 48.
403 1828 458 1860 De
482 1828 697 1862 Cantabrico
722 1826 769 1866 cll
791 1827 942 1861 Arrian.
966 1830 1048 1861 tact.
1070 1829 1131 1861 40.
1157 1824 1220 1862 ἐπὶ
1243 1822 1366 1875 τούτῳ
1395 1826 1435 1863 δὲ
1459 1824 1705 1872 Κανταβρική
1728 1837 1785 1867 τις

80 1884 293 1932 καλουμένη
316 1883 492 1926 ἐπέλασις
516 1884 697 1930 γίγνεται,
720 1877 773 1925 ὡς
795 1885 922 1920 δοκεῖν
945 1879 1073 1930 ἔμοιγε
1090 1878 1169 1920 ἀπὸ
1188 1879 1429 1929 Κανταβρων
1446 1877 1629 1930 Ἰβηρικοῦ
1650 1880 1784 1927 γένους

81 1944 198 1979 τοῦτο
231 1937 516 1987 ὀνομασθεῖσα,
550 1934 610 1976 ότι
639 1938 789 1976 ἐκεῖθεν
818 1934 935 1986 αὐτὴν
965 1940 1256 1986 προσεποίησαν
1283 1940 1391 1986 σφίσι
1406 1937 1606 1984 Ῥωμαῖοι,
1637 1935 1714 1985 ἔχει
1744 1937 1785 1975 δὲ

82 1993 154 2048 ᾧὸε
176 2001 256 2035 κτλ.
280 2018 319 2023 -
350 1999 405 2039 16)
429 1998 579 2040 Equites
608 1997 727 2030 alares
749 2000 966 2040 quantopere
995 2008 1103 2040 super
1133 1997 1333 2030 cohortales
1356 1998 1588 2036 eminuerint,
1618 1998 1784 2039 exposuit

81 2055 273 2089 Mommsen
289 2055 337 2088 ad
348 2064 528 2098 papyrum
547 2055 635 2087 anni
650 2053 713 2087 456
729 2064 751 2086 a
766 2065 803 2086 se
827 2054 957 2087 editam
981 2055 1074 2097 (eph.
1098 2064 1151 2097 ep.
1173 2053 1194 2087 7
1212 2063 1251 2096 p,
1266 2053 1359 2097 465).
1374 2071 1419 2078 -
1438 2055 1493 2095 17)
1520 2053 1643 2088 Voluit
1666 2052 1784 2086 dicere

81 2114 216 2156 equites
238 2122 302 2144 suo
332 2111 463 2143 ardore
493 2112 661 2151 evitasse,
693 2115 734 2144 ut
761 2112 937 2154 spectanti
958 2108 1147 2150 fastidium
1170 2113 1386 2144 nasceretur.
1410 2129 1455 2135 —
1481 2111 1536 2153 18)
1559 2109 1784 2152 Intellegitur

83 2167 122 2210 Q.
139 2168 276 2201 Fabius
293 2167 503 2210 Catullinus,
526 2168 665 2210 legatus
684 2178 752 2210 pro
771 2169 941 2210 praetore
964 2169 1143 2200 exercitus
1164 2165 1336 2206 Africani
1364 2170 1457 2200 certe
1479 2178 1512 2200 a.
1536 2166 1603 2200 429
1626 2165 1680 2210 (G.
1698 2165 1787 2200 VIII

84 2225 207 2268 2555),
233 2224 358 2256 consul
381 2225 587 2256 ordinarius
610 2234 643 2257 a.
667 2223 744 2258 450.

378 2461 516 2520 Alae,
556 2461 776 2510 cohortes
811 2461 1102 2519 auxiliariae,
1139 2461 1324 2510 numeri
1358 2461 1492 2508 varii.

196 2561 311 2608 2488
603 2591 612 2600 .
646 2591 655 2600 .
688 2591 697 2600 .
729 2564 788 2602 οι*
819 2561 990 2602 Sabino²
1019 2563 1141 2613 praef.
1174 2590 1183 2600 .
1216 2590 1226 2600 .
1255 2591 1265 2600 .

673 2626 935 2685 [au]xsiliariei
966 2626 1180 2685 Hispan[ei]

203 2697 243 2729 ln
278 2696 436 2736 Sabinis,
467 2706 579 2739 prope
610 2696 742 2728 rudera
772 2696 968 2738 Amiterni,
997 2695 1074 2729 loco
1105 2696 1199 2728 d1'cto
1225 2695 1407 2729 Cavallari
1438 2695 1476 2736 (1
1495 2695 1592 2728 4293.
1623 2695 1675 2728 IX
1693 2696 1783 2729 4505

0 2740 3 2743 ’
67 2754 175 2787 ‘vidit
200 2753 360 2793 Dressel;
383 2751 518 2785 Bitschl
543 2753 613 2784 tab.
638 2750 805 2785 LXXVII
814 2751 866 2795 d).
888 2769 934 2776 —
967 2754 997 2794 1)
1021 2753 1088 2785 Pro
1112 2757 1164 2793 et,
1197 2752 1293 2795 quod
1314 2754 1353 2784 in
1378 2751 1495 2794 lapide
1518 2752 1608 2783 vidit
1631 2751 1782 2794 Dressel,

84 2810 151 2842 alii
175 2810 342 2843 exhibent
361 2807 384 2841 s.
399 2826 445 2832 —
462 2809 496 2849 2)
520 2808 622 2840 Hunc
646 2818 719 2840 esse
742 2807 926 2848 Sabinum,
950 2819 972 2840 a
997 2818 1077 2851 quo,
1100 2811 1185 2841 teste
1207 2810 1372 2851 Appiano
1396 2809 1427 2842 b.
1452 2818 1480 2841 c.
1495 2810 1532 2850 ὅ,
1546 2808 1625 2847 452,
1649 2818 1684 2842 a.
1698 2818 1734 2841 u.
1751 2817 1781 2841 c.

84 2865 149 2899 748
173 2865 331 2898 latrones
354 2865 476 2896 urbem
500 2863 645 2897 Romam
671 2866 705 2895 et
727 2863 869 2896 Italiam
893 2862 1103 2903 infestantes
1128 2866 1275 2898 coerciti
1296 2867 1393 2905 sunt,
1419 2866 1570 2897 coniecit
1591 2863 1782 2897 Mommsen

84 2920 236 2955 Staatsr.
261 2919 320 2954 11⁸
343 2920 427 2954 4075
451 2923 523 2954 not.
547 2920 578 2953 4.

196 3010 310 3056 2489
354 3011 536 3051 Herculei
567 3010 604 3050 d.
626 3006 693 3066 [d.]
719 3011 726 3061 Ι
751 3010 894 3051 milites
921 3008 1127 3067 Africapti]
1155 3009 1162 3064 Ι
1190 3010 1452 3058 Caecilianis¹‚
1479 3010 1485 3063 Ι
1510 3023 1611 3064 mag.
1632 3011 1781 3052 curavit

86 3076 94 3131 Ι
126 3079 168 3120 C.
199 3080 387 3120 Saltorius
417 3078 458 3119 C.
488 3079 515 3118 s.

1436 3143 1508 3177 32*
