1968 3268
816 158 931 196 Tituli
951 158 1140 195 milit-res.
1749 157 1830 196 421

240 273 355 320 w
691 274 891 314 Gallicano
921 281 962 314 et
989 273 1130 314 Vetere
1159 274 1258 314 cos.¹

605 341 672 382 vll
701 342 754 382 id.
783 341 897 390 Ian.²‚
927 341 1017 381 coh.
1046 340 1064 380 1
1093 353 1155 394 pr.
1191 339 1241 382 τ’

604 410 719 457 Satri,
750 409 878 449 Genio
911 409 974 457 τ’,
1003 408 1112 449 missi

604 478 771 517 honesta
800 476 989 517 missione
1017 476 1111 516 vll⁵

689 544 839 584 Hibero
868 544 967 585 cos-⁶

605 613 674 665 Sp.
704 611 919 653 Censorius
947 612 1079 652 Iustus
1106 611 1258 651 Viruno

606 709 871 718 .......
910 709 920 718 .
951 680 1120 720 Severus
1148 678 1307 719 Saetino

605 747 650 786 L.
686 746 868 787 Volceius
907 775 1302 786 ..........

604 814 652 861 Q.
683 814 869 855 Sextilius
898 814 1024 854 Rufus
1054 813 1232 854 Flanona

602 882 644 922 C.
675 881 852 921 Valerius
881 881 1060 922 Vetanus
1088 882 1278 922 Tridente

690 949 878 989 Serviano
915 938 976 988 Ἦ
1000 950 1098 990 cos!

602 1016 647 1055 T.
678 1017 833 1057 Annius
862 1016 1067 1069 Crispinus
1096 1016 1226 1069 Cupra
1256 1016 1368 1056 Mar.⁸

604 1083 650 1123 T.
680 1084 880 1125 Antonius
909 1085 1067 1124 Primus
1097 1084 1301 1124 Perintho.

240 1161 372 1196 Romae
396 1161 469 1204 (VI
487 1162 556 1195 209
573 1165 717 1205 partem
735 1165 899 1205 priorem
923 1163 1036 1196 deser.
1059 1162 1173 1203 Bessi,
1197 1162 1348 1195 alteram
1372 1162 1544 1206 Hannon).
1565 1180 1613 1187 —
1637 1161 1671 1202 1)
1692 1160 1736 1192 A.
1760 1159 1838 1193 450.

127 1237 172 1243 ——
196 1218 232 1260 2)
260 1218 283 1252 7
304 1217 405 1259 Ιαπ.;
432 1219 492 1251 hic
520 1218 596 1251 dies
618 1221 746 1261 postea
768 1220 950 1252 sollemnis
981 1218 1057 1258 fuit
1086 1220 1315 1252 missionibus
1344 1219 1501 1252 militum
1518 1218 1840 1261 praetorianorum

127 1277 163 1308 ol
182 1276 506 1308 urbanicianorum
531 1274 658 1318 (supra
681 1274 727 1309 Ν.
751 1276 973 1309 2007-2009
997 1274 1045 1315 cf.
1061 1275 1161 1316 2040,
1183 1274 1288 1315 infra
1310 1274 1356 1309 Ν.
1371 1275 1465 1310 2405
1462 1278 1503 1317 ),·
1523 1275 1709 1317 reperitur
1730 1274 1839 1305 enam

128 1330 163 1365 d.
184 1333 208 1365 9
226 1331 316 1374 Ian„
339 1341 372 1364 a.
388 1331 451 1365 460
475 1329 539 1374 (Ν.
554 1331 673 1374 2409),
697 1332 730 1365 d.
749 1333 770 1364 4
785 1332 875 1374 Ian„
897 1343 931 1365 a.
946 1332 1014 1366 450
1038 1331 1100 1375 (N.
1115 1333 1245 1376 2098ss
1268 1332 1486 1374 temporibus
1507 1331 1722 1364 Flauiorum
1731 1339 1839 1372 prae-

128 1389 266 1421 toriani
285 1389 487 1420 missionem
510 1391 724 1430 acceperunt
738 1398 855 1421 mense
870 1388 1058 1421 Decembri
1080 1389 1206 1431 (supra
1226 1387 1273 1423 N.
1287 1388 1386 1422 4995.
1406 1388 1517 1431 1994).
1533 1406 1579 1411 -·
1603 1387 1639 1428 3)
1656 1385 1840 1427 centuria,

126 1445 164 1486 4)
180 1445 375 1477 centuriae.
389 1462 435 1468 —
451 1445 486 1486 5)
509 1443 660 1486 Septem,
681 1444 819 1477 seilicet
832 1444 966 1477 milites
989 1455 1143 1487 quorum
1164 1446 1311 1477 nomina
1334 1447 1534 1488 sequuntur
1556 1446 1590 1475 et
1614 1445 1678 1486 qui
1694 1442 1838 1475 tilulum

128 1500 395 1534 dedicaverunt.
411 1517 455 1523 —
472 1500 506 1541 6)
522 1499 567 1533 Α.
584 1499 666 1541 455,
691 1502 725 1542 7)
747 1511 782 1534 a.
798 1500 876 1542 454,
898 1500 1037 1533 scilicet
1058 1500 1189 1533 milites
1202 1499 1305 1540 sacti.
1346 1501 1508 1543 Apparet
1522 1510 1618 1532 anno
1634 1499 1699 1533 450
1713 1500 1839 1531 missos

128 1566 202 1589 esse
218 1557 476 1599 praetorianos
497 1565 572 1588 non
593 1555 709 1588 solum
732 1558 795 1598 qui
818 1567 851 1590 a.
867 1556 934 1590 454
955 1556 1019 1589 sed
1041 1558 1150 1589 etiam
1173 1566 1233 1589 eos
1254 1557 1320 1599 qm·
1341 1566 1437 1589 anno
1452 1556 1523 1590 455
1545 1555 1703 1588 militare
1719 1565 1838 1597 eoepe-

127 1614 227 1646 runt.
274 1611 343 1644 1110
366 1611 495 1644 titulus
517 1621 613 1644 unus
636 1614 687 1643 est
709 1622 755 1644 ex
780 1613 830 1644 eis
853 1614 916 1654 qui
939 1612 1066 1644 docent
1088 1612 1171 1644 inde
1195 1622 1218 1644 a
1241 1613 1458 1655 temporibus
1472 1611 1653 1644 Hadriani
1674 1612 1840 1644 emeritos

129 1679 177 1702 σω
187 1668 393 1701 cohortibus
398 1669 599 1710 praetoriis
610 1671 645 1700 et
655 1669 805 1701 urbanis
817 1668 966 1701 alternis
978 1670 1118 1701 tantiam
1129 1669 1246 1708 annis,
1259 1669 1323 1710 eis,
1334 1678 1425 1710 quae
1437 1679 1485 1700 ea:
1495 1678 1602 1700 aerae
1614 1667 1842 1701 Christianae

128 1726 273 1759 ratione
295 1734 462 1757 numeros
484 1725 615 1756 habent
633 1734 757 1766 pares,
781 1727 1036 1757 exauctoratos
1057 1735 1147 1767 esse,
1178 1723 1227 1764 cf.
1251 1734 1343 1767 quae
1366 1725 1534 1767 exposuit
1554 1723 1740 1757 Bormann
1762 1725 1839 1767 epli-

130 1792 184 1825 φ.
205 1783 228 1815 4
248 1792 284 1825 p.
307 1782 386 1815 548.
414 1799 455 1804 -
479 1782 514 1821 8)
538 1780 658 1823 Cupra
682 1780 867 1813 Maritima
892 1781 1061 1823 oppidum
1084 1781 1216 1813 Piceni.

241 1881 359 1929 2098
400 1883 441 1923 C.
470 1883 641 1923 Marcius
671 1882 712 1922 C.
744 1883 770 1922 f.
797 1881 803 1936 Ι
830 1883 941 1935 Serg.
968 1883 1171 1923 Salvianus
1195 1881 1202 1934 Ι
1229 1881 1374 1931 Norba,
1400 1881 1407 1936 Ι
1436 1882 1566 1922 Genio
1595 1884 1798 1924 centuriae
1841 1884 1848 1939 Ι

130 1953 219 1992 coh.
260 1951 297 1991 X
335 1963 395 2003 pr.
428 1961 451 1989 γ
482 1951 580 1990 Mari
610 1950 718 1991 Bassi
744 1949 751 2003 Ι
776 1950 818 1989 in
857 1963 933 2002 qua
962 1950 1139 1990 militavit
1176 1962 1210 1989 a.
1249 1949 1377 1999 XIIX,
1412 1950 1420 2003 Ι
1453 1956 1546 1990 voto
1583 1958 1787 2004 suscepto,
1827 1950 1835 2005 Ι

129 2019 272 2060 missus
303 2019 468 2059 honesta
488 2019 689 2071 mississone
710 2029 772 2070 pr.
794 2030 889 2058 non.
938 2017 1137 2058 Ianuarias
1162 2019 1169 2067 1
1195 2017 1243 2064 Q.
1265 2017 1387 2058 Fabio
1408 2017 1614 2066 Catullino‚
1636 2019 1687 2059 M.
1708 2019 1839 2059 Flavio

129 2085 139 2142 Ι
167 2089 276 2140 Apro
307 2087 401 2126 cos.¹
428 2085 435 2138 Ι
461 2086 592 2125 animo
623 2085 751 2125 libens
778 2097 886 2125 aram
914 2098 982 2126 sua
1014 2085 1183 2138 pecunia
1210 2087 1217 2135 Ι
1242 2086 1392 2138 posuit.

241 2151 373 2185 Romae
395 2151 467 2192 (VI
478 2152 547 2185 208
560 2151 653 2185 vidit
667 2152 828 2192 Hem-en,-
849 2152 956 2195 plane
977 2152 1106 2184 similis
1129 2155 1181 2184 esi
1203 2152 1330 2185 titulus
1354 2152 1488 2185 V1208
1503 2152 1549 2195 δ).
1572 2171 1618 2176 -
1646 2154 1678 2193 1)
1702 2153 1745 2186 Α.
1762 2152 1840 2186 450.

242 2252 358 2298 2099
400 2254 558 2306 signum
578 2253 678 2294 Geni
708 2255 909 2295 centuriae
942 2267 1033 2294 cum
1062 2255 1158 2295 aede
1180 2254 1443 2294 marmoribus
1472 2259 1660 2293 exornata
1690 2260 1730 2293 et
1758 2266 1838 2302 ara,

130 2334 201 2363 sua
230 2321 397 2375 pecunia
428 2321 610 2360 fecerunt
634 2320 641 2372 Ι
667 2328 690 2359 7
724 2321 771 2368 Q.
803 2323 1023 2362 Socconius
1051 2321 1099 2369 Q.
1130 2322 1157 2361 f.
1189 2322 1280 2362 Cru.
1303 2321 1459 2361 Primus
1487 2320 1648 2368 Tuder„
1678 2327 1718 2361 et
1746 2333 1838 2361 evo·

130 2389 208 2430 cati
237 2395 276 2429 et
305 2389 447 2428 milites
484 2400 656 2440 quorum
689 2390 850 2429 nomina
890 2390 931 2430 in
973 2401 1039 2429 ara
1068 2389 1212 2441 scripta
1242 2395 1348 2428 sunt.
1375 2388 1381 2442 Ι
1413 2388 1586 2428 Dedicat.
1624 2388 1700 2428 kal.
1731 2387 1841 2428 lunis

79 2495 83 2498 .
138 2456 264 2515 limp.
294 2455 345 2495 M.
377 2455 535 2495 Aurelio
565 2455 779 2495 Commodo
810 2457 1021 2496 Antonino
1051 2457 1150 2508 Aug.
1190 2456 1266 2503 ΙΙΙ,
1305 2456 1349 2495 L.
1388 2455 1557 2496 Antistio
1587 2455 1715 2495 Burro
1744 2456 1840 2496 cos-¹

244 2544 359 2590 mm)
403 2550 460 2593 (in
482 2549 635 2592 fastigio
658 2550 860 2595 aediculae)
888 2546 987 2586 Gen.
1019 2547 1080 2593 7²,
1100 2550 1156 2593 (in
1171 2550 1356 2594 epistylio)
1380 2546 1537 2597 siguum
1553 2545 1723 2587 Genium
1743 2559 1839 2586 oen-

132 2613 282 2654 turiae’
325 2626 416 2654 cum
461 2613 636 2653 aedicula
680 2614 742 2653 et⁴
785 2612 1051 2654 marmoribus
1095 2610 1294 2668 exlornata
1333 2620 1374 2654 et
1417 2626 1524 2654 aram
1564 2626 1634 2654 sua
1671 2614 1842 2667 pecunia

133 2681 275 2729 fecer„
310 2689 333 2720 7
364 2681 405 2721 C.
438 2682 620 2722 Veturius
660 2681 701 2721 C.
735 2682 762 2720 f.
792 2680 876 2720 Pol.
909 2680 1076 2720 Rufinus
1103 2681 1148 2721 L.
1179 2681 1254 2728 Β),
1281 2679 1288 2735 Ι
1314 2682 1405 2721 item
1438 2682 1586 2722 evocati
1621 2689 1662 2722 et
1697 2682 1841 2722 milites

58 2760 67 2767 ·
134 2760 304 2800 quorum
337 2749 498 2788 nomina
530 2755 568 2789 et
598 2748 776 2788 medicus
805 2748 911 2788 coh.⁶
941 2748 981 2787 in
1012 2760 1078 2788 ara
1106 2755 1146 2789 et
1176 2748 1339 2789 aedicul.
1366 2747 1372 2803 Ι
1399 2749 1543 2801 scripta
1564 2755 1670 2788 sunt.
1720 2748 1837 2788 Dedi-

134 2822 218 2855 cata
249 2822 308 2855 est
337 2815 412 2855 kal.
443 2815 532 2855 Mai.
583 2816 676 2868 imp.
709 2815 924 2856 Commodo
955 2815 1009 2855 111
1038 2821 1079 2855 et
1107 2815 1234 2856 Burro
1263 2816 1359 2855 cos.¹

247 2891 377 2926 Romae
400 2894 439 2925 in
455 2903 573 2926 museo
594 2893 784 2934 Vaticano,
808 2893 1054 2926 aedicularum
1071 2902 1356 2926 marmorearum
1379 2892 1556 2935 epistylia,
1581 2891 1624 2925 Ν.
1641 2892 1730 2925 2099
1753 2902 1835 2925 con·

134 2950 209 2981 etat
230 2952 412 2992 repertum
428 2959 500 2982 esse
519 2959 633 2992 prope
649 2952 767 2982 castra
789 2950 973 2993 praetoria
999 2949 1068 2992 (VI
1082 2949 1162 2983 245.
1186 2949 1255 2982 242
1278 2948 1370 2981 vidit
1387 2948 1557 2992 limen).
1574 2966 1617 2972 —
1646 2950 1678 2989 1)
1701 2949 1747 2982 A.
1761 2947 1838 2983 484.

134 3009 178 3028 ⁴
214 3006 248 3046 2)
289 3005 398 3039 Genio
431 3007 624 3039 centuriae.
658 3024 701 3030 —
740 3007 774 3047 3)
809 3004 950 3039 Genium
984 3006 1158 3039 centuriae
1188 3004 1282 3038 male
1313 3007 1505 3047 insertum,
1539 3006 1575 3046 4)
1604 3006 1688 3037 item
1720 3008 1766 3038 et.
1796 3023 1840 3029 —

136 3061 171 3100 5)
195 3059 329 3105 Lepido
354 3060 463 3104 Regio
488 3063 595 3104 (quae
619 3063 747 3095 civitas
770 3061 882 3094 iribm'
904 3061 1039 3095 Polliae
1062 3061 1242 3104 adscripta
1266 3061 1373 3104 erat).
1399 3079 1444 3086 -
1468 3062 1503 3103 6)
1527 3063 1562 3095 et
1584 3060 1736 3095 medicus
1758 3060 1835 3095 coh.
