1968 3268
448 140 688 176 Monumenta
708 139 887 175 historica
907 138 1047 175 liberae
1069 138 1126 174 rei
1148 138 1331 184 publicae
1721 138 1747 176 3

43 254 98 289 Vl
114 253 383 296 ammaim-111
403 255 473 288 tab.
499 253 622 297 XLg).
648 273 690 278 —
717 253 869 288 Videtur
892 263 965 286 esse
987 252 1029 288 L.
1053 252 1177 296 Scipio
1201 255 1369 296 quantor
1391 263 1426 288 a.
1440 253 1508 286 587
1530 257 1750 288 memoratus

39 321 63 344 a
85 311 190 347 Livio
210 313 269 354 45,
287 312 341 344 u.

94 412 150 484 6¹
164 450 219 483 n,
580 414 652 455 Cn.
674 414 882 454 Cornelius
905 413 977 454 Cn.
999 413 1026 453 f.
1059 453 1103 481 m
1118 454 1160 481 m
1176 413 1309 466 Scipio
1330 405 1551 467 Hispanus¹

578 495 655 536 pr.‚
685 482 759 522 aid.
791 494 890 530 cur„
921 494 974 533 q.‚
1174 487 1223 521 tr.
1245 482 1325 522 mil.
1347 481 1396 531 ΙΙ,
1425 481 1520 522 Xvir
1545 483 1591 523 sl.
1611 482 1748 532 iudik.‚

1284 549 1380 590 Xvir
1398 562 1499 592 sacr.
1519 550 1593 591 fac.

192 619 365 660 Virtutes
391 619 550 671 generis
579 617 692 658 mieis
721 616 899 657 moribus
918 617 1186 664 accumulavi,

220 686 477 740 progeniem³
505 685 639 738 genui,
669 685 771 725 facta
799 684 922 737 patris
950 684 1083 737 petiei.

192 754 384 795 Maiarum
403 754 566 807 optenui
588 753 757 801 laudem,
779 758 823 793 ut
837 751 935 791 sihei
956 764 1020 791 me
1037 764 1099 792 ess
1113 763 1135 791 e
1165 758 1339 792 creatum

219 823 438 870 lactentum
504 821 669 874 stirpem
734 819 953 861 nobilitavit
1015 820 1096 860 hon
1113 831 1170 859 or.

140 888 305 937 simae,
338 888 459 922 eodem
487 888 563 921 loco
588 898 657 930 quo
680 886 728 923 Ν.
752 887 771 920 4
795 889 959 930 repertae
990 886 1133 919 tabulae
1156 889 1228 919 ires
1250 897 1296 920 ex
1319 886 1438 930 lapide
1458 886 1599 920 Albano
1632 887 1670 927 (1
1688 887 1748 923 58.

39 945 95 980 VJ
104 946 217 987 429&
239 944 376 979 Bitschl
398 946 468 978 tab.
491 944 639 986 XLIII).
663 963 708 969 —
735 945 767 986 1)
791 943 944 977 Videtur
967 954 1041 975 esse
1065 942 1126 977 Cn.
1153 942 1338 976 Cornelius
1361 946 1595 986 cognomento
1619 943 1747 987 Hispa-

38 1013 117 1046 nus,
145 1003 275 1035 missus
296 1012 330 1035 a.
353 1003 419 1035 605
441 1001 491 1034 ad
513 1011 615 1034 arma
640 1011 662 1033 a
687 1001 1046 1043 Carthaginiensibus
1068 999 1278 1043 accipienda
1302 1000 1476 1043 (Appian.
1499 999 1577 1033 Lib.
1601 1002 1674 1042 80),
1705 1001 1747 1033 in

39 1060 228 1094 tribunatu
263 1058 400 1092 seilicet
435 1057 612 1091 alterutro
653 1061 718 1090 aut
754 1058 794 1090 in
825 1060 1036 1100 quaestura,
1071 1060 1223 1100 praetor
1246 1058 1464 1099 peregrinus
1493 1068 1528 1091 a.
1549 1057 1614 1091 645
1646 1056 1744 1097 (Val.

40 1115 139 1150 Ham.
153 1115 185 1159 4,
199 1116 236 1158 3,
250 1116 287 1158 5,
309 1116 372 1148 ubi
394 1114 598 1158 appellatur
612 1113 797 1158 Hispalus).
813 1133 859 1138 —
883 1115 917 1156 2)
939 1113 1093 1147 Numeri
1113 1115 1208 1155 sunt,
1233 1114 1361 1156 quibus
1384 1113 1528 1147 tabulae
1550 1114 1747 1156 diste'ngue-

38 1174 180 1206 bantur.
203 1191 249 1196 —
273 1172 307 1214 3)
331 1171 374 1205 In
398 1171 516 1214 lapide
536 1174 617 1214 post
639 1171 837 1215 progeniem
863 1173 967 1203 extat
990 1171 1102 1212 hasta,
1128 1180 1235 1213 quam
1266 1172 1488 1214 coniungens
1520 1181 1600 1204 eum
1623 1171 1746 1203 littera

8 1268 10 1270 v
35 1229 269 1274 praecedente
290 1227 527 1262 Mommsenus
551 1227 640 1269 legit
660 1227 824 1271 progenie
847 1226 894 1260 mi
920 1229 960 1267 (i.
977 1238 1005 1260 e.
1030 1227 1227 1271 progeniem
1251 1227 1348 1270 mihi)
1372 1228 1492 1271 genui,
1513 1226 1623 1271 prins
1645 1237 1749 1262 voca-

38 1286 157 1320 bulum
181 1286 360 1328 accipiens
377 1294 448 1327 pro
472 1283 617 1327 dactylo
623 1296 638 1324 ,-
663 1282 880 1317 contradicit
901 1283 1039 1317 Bitschl
1061 1294 1178 1326 opusc.
1195 1285 1216 1317 4
1235 1295 1274 1327 p.
1287 1286 1369 1320 339.

78 1393 91 1406 ·
150 1374 177 1420 7
509 1375 553 1415 L.
575 1375 781 1416 Cornelius
811 1375 883 1415 Cn.
913 1376 940 1415 f.
972 1375 1043 1416 Cn.
1075 1389 1114 1415 n.
1146 1376 1291 1429 Scipio.

336 1443 474 1496 Magna
504 1444 694 1496 sapientia
720 1443 726 1498 Ι
754 1444 975 1495 multasque
1004 1445 1171 1485 virtutes

337 1518 460 1552 aetate
492 1525 611 1564 quom
641 1524 759 1563 parva
785 1510 792 1565 Ι
817 1512 973 1564 posidet
1003 1513 1080 1552 hoc
1108 1524 1277 1553 saxsum.

338 1579 480 1626 Quoiei
507 1579 583 1618 vita
613 1579 768 1628 defecit,
799 1593 881 1619 non
910 1577 1082 1633 Mimos,
1113 1580 1295 1619 honore.¹

338 1647 376 1688 Is
404 1648 469 1688 hic
498 1647 608 1696 situs,
638 1648 729 1699 quei
760 1660 964 1699 nunquam
992 1645 998 1701 Ι
1024 1648 1149 1688 victus
1179 1654 1240 1687 est
1267 1647 1439 1688 virtutei.

337 1716 477 1756 Annos
506 1721 649 1768 gnatus
677 1714 748 1754 XX
777 1715 810 1755 is
835 1713 841 1768 Ι
869 1715 909 1754 1.
926 1745 936 1754 .
954 1715 1036 1755 eis²
1064 1716 1292 1756 mandatus:

338 1796 390 1823 ne
420 1782 606 1835 quairatis
634 1783 790 1822 honore
815 1781 821 1837 Ι
848 1782 941 1834 quei
970 1783 1102 1823 minus
1131 1783 1182 1823 sit
1210 1785 1429 1825 mandatus.

150 1849 282 1884 Romae
302 1860 378 1894 rep.
402 1851 443 1883 in
464 1850 627 1893 sepulcro
653 1849 880 1892 Scipionum,
912 1849 1034 1882 tabula
1064 1851 1289 1893 sarcophago
1312 1854 1399 1894 apta
1423 1851 1463 1892 (I
1479 1851 1616 1886 54.V1
1635 1853 1747 1894 42895

2 1905 175 1940 Rasum
197 1907 268 1940 tab.
283 1906 392 1949 XLI).
417 1925 460 1931 —
487 1906 637 1940 Carmen
661 1907 833 1939 tractavit
855 1906 1048 1939 Buecheler
1070 1906 1145 1940 ind.
1171 1907 1478 1942 lece.Bonn.1876
1494 1911 1579 1942 aest.
1592 1920 1628 1952 p.
1643 1911 1677 1945 9.
1701 1929 1747 1935 —

0 1962 80 1997 Ε.
105 1962 146 2005 Q.
159 1962 363 1996 Visconuus
383 1962 541 1997 rettulit
547 1963 596 1995 ad
615 1961 768 2002 fratrem
791 1964 964 1995 minorem
990 1962 1049 1997 Cn.
1076 1962 1233 1997 Cornelii
1256 1963 1436 2007 Scipionis
1462 1965 1614 2008 Hispani
1635 1964 1680 2001 N.
1703 1968 1747 2007 6;

0 2058 2 2061 ,
35 2019 99 2053 ned
120 2029 179 2052 res
196 2019 307 2062 plane
328 2020 478 2053 incerta.
503 2038 546 2043 --
579 2020 612 2062 1)
638 2018 747 2053 Casus
770 2022 944 2062 quartus;
976 2022 1068 2063 vita,
1098 2031 1171 2054 non
1194 2021 1340 2054 honesta
1364 2021 1519 2064 indoles,
1548 2021 1667 2062 deruit
1689 2023 1746 2055 de—

0 2082 14 2119 ξ
35 2075 164 2116 functo
196 2075 245 2108 ad
273 2076 443 2108 honorem
473 2075 747 2118 capessendum;
779 2076 863 2109 lusit
889 2079 997 2119 poeta
1020 2078 1060 2110 in
1085 2078 1254 2119 ambigua
1285 2077 1552 2120 significatione
1581 2079 1746 2112 vocabuli

13 2133 186 2166 honoris
208 2131 324 2174 (Mon)
347 2149 393 2155 —-
425 2132 459 2172 2)
483 2131 616 2173 l[oc]eis
639 2133 815 2176 supplevit
837 2132 907 2167 Mo.
932 2133 1156 2176 (intellegens
1180 2134 1223 2166 de
1244 2134 1460 2178 sepulchro),
1483 2134 1619 2177 d[iv]eis
1643 2135 1746 2177 (nam

13 2208 15 2210 -
34 2189 193 2233 primum
216 2187 423 2221 elementum
445 2199 546 2229 posse
567 2199 746 2231 superesse
769 2200 815 2222 ea:
838 2188 860 2222 d
884 2188 1023 2232 fracta)
1048 2191 1255 2224 Buecheler.

152 2275 182 2319 8
609 2276 894 2335 ..[Co]1·nelius
914 2281 958 2320 L.
980 2282 1006 2320 s.
1029 2281 1072 2321 L.
1095 2294 1135 2320 n.

640 2343 807 2401 [Scijpio
828 2348 1045 2400 Asiagenus

744 2415 927 2456 Comatus
956 2429 1125 2456 annor-u.

770 2489 885 2523 natus
912 2482 998 2522 XVl

7 2582 14 2599 ψ,
150 2547 281 2582 Romae
303 2559 378 2591 rep.
402 2549 454 2581 ibi
477 2550 540 2581 ubi
554 2547 600 2582 N.
615 2549 634 2582 Ι
647 2559 716 2591 seq.
742 2494 848 2588 515⁶.
873 2549 925 2582 VI
939 2550 1025 2584 4291
1033 2562 1048 2591 ,·
1071 2549 1206 2583 Bitschl
1227 2551 1297 2584 tab.
1321 2550 1384 2584 XL
1394 2551 1446 2593 h).
1469 2569 1516 2576 —-
1539 2551 1662 2595 Scipio
1686 2552 1746 2585 hie

2 2630 18 2667 {²
51 2602 231 2644 functus
261 2604 465 2638 adulescens
498 2616 569 2637 non
598 2602 673 2644 fuit
702 2604 802 2645 filius
833 2608 909 2638 eius
940 2609 1003 2649 qui
1030 2609 1168 2649 primus
1196 2618 1242 2640 ex
1270 2607 1358 2641 Asia
1390 2610 1664 2650 cognominatus
1694 2611 1746 2641 ese

430 2849 898 2860 ............
919 2819 1180 2876 [Scinionem

427 2917 899 2928 ............
1022 2891 1093 2930 oad
1126 2889 1259 2929 veixei.

0 2971 9 2990 ¹,
26 2983 42 3006 1
152 2953 283 2988 Romae
305 2964 379 2997 rep.
402 2955 454 2987 ibi
476 2955 539 2987 ubi
561 2953 606 2988 N.
623 2953 733 2996 ‘'seq„
756 2886 1016 2997 fragmengamnlt]
1025 2957 1240 2999 sarcophagi
1264 2956 1301 2991 (I
1317 2957 1373 2990 57.
1401 2955 1434 2988 V
1436 2955 1453 2988 1
1474 2955 1584 2997 4292;
1608 2955 1745 2990 Ritsehl

8 3016 47 3049 >⁶
62 3009 110 3042 ὸ.
127 3008 243 3052 XLj).
307 3008 360 3050 Cf.
388 3010 578 3043 Buecheler
603 3010 676 3044 ind.
702 3009 779 3043 lect.
803 3011 907 3044 Borm
930 3012 1014 3045 4876
1038 3015 1121 3045 aest.
1144 3023 1180 3053 p.
1191 3014 1224 3045 9.
