1968 3268
154 142 236 181 100
397 114 399 116 Ι
920 139 1037 183 Caput
1060 138 1107 173 II.

209 230 211 232 ι
266 254 350 301 417
393 257 487 309 imp.
520 256 626 297 Caes.
658 255 702 295 L.
731 253 919 307 Septimio
941 253 1086 293 Severo
1108 253 1304 293 Pertinaci
1334 252 1433 304 Aug.
1463 264 1502 305 p.
1534 264 1600 301 m.‚
1627 250 1636 304 Ι
1659 249 1751 292 trib.
1782 258 1865 304 pot.

151 326 242 375 111¹,
273 325 367 377 imp.
395 324 462 373 V²‚
494 337 573 365 cos.
605 323 653 373 II,
684 335 723 375 p.
754 335 807 374 p.‚
838 320 1020 361 Parthico
1051 318 1230 373 Arabico
1261 326 1302 360 et
1331 319 1514 361 Parthico
1545 318 1795 369 Aziabenico,
1827 321 1866 361 d.

155 394 194 433 d.
224 406 264 446 p.
295 406 334 445 p.

270 458 530 493 Ammaedarae
554 457 702 498 (Hidra)
735 457 775 488 in
798 453 927 494 Africa
959 456 997 487 in
1021 464 1110 487 arcu
1137 456 1202 497 qui
1224 454 1458 496 extat-(VIII
1475 454 1571 497 506).
1593 473 1639 481 -
1665 456 1699 498 1)
1722 455 1767 490 A.
1791 455 1868 490 495.

155 537 198 542 —-
224 519 257 559 2)
279 516 412 550 Eodem
435 524 530 547 anno
555 514 662 545 etiam
685 514 828 545 sextum
849 514 884 543 et
906 513 1092 554 septimum
1115 512 1314 554 imperator·
1337 510 1536 554 appellatus
1557 514 1610 544 est
1628 511 1779 545 Severus
1802 510 1868 552 (cll

154 572 257 613 infra
286 572 327 607 N.
342 573 438 613 458),
462 572 664 612 imperator
688 571 853 602 octavum
876 579 910 601 a.
933 568 996 602 496
1020 566 1086 608 (ef.
1108 567 1144 601 X
1161 568 1266 609 6457,
1291 567 1427 601 Eekhel
1446 567 1479 611 7,
1503 567 1584 610 474,-
1607 567 1749 602 Gonn’
1771 567 1868 612 Sept.

157 630 234 664 sev.
253 630 330 663 429.
346 628 423 662 450.
440 626 522 661 452.
538 625 710 669 407389.)
734 644 780 650 -
805 626 839 668 3)
862 625 904 658 In
928 627 1083 658 nummis
1106 635 1138 659 a.
1163 625 1226 659 495
1251 624 1516 658 cusis²Severus
1540 624 1742 668 appellatur
1763 625 1868 658 modo

160 687 340 720 Arabicus
364 683 615 724 Adiabenicus,
638 681 754 722 modo,
779 684 822 714 ut
845 682 912 724 hic,
937 682 1126 715 Parthicus
1149 681 1327 715 Arabicus
1350 682 1539 715 Parthicus
1563 681 1812 715 Adiabenicus,

274 775 361 822 418
405 776 493 815 divo
523 776 673 815 Nervae
707 773 713 828 Ι
747 779 857 813 atavo
893 773 898 826 Ι
933 774 1025 825 imp.
1058 748 1166 813 fiaes.
1196 774 1240 813 L.
1271 774 1484 826 Septimius
1510 772 1517 827 Ι
1542 774 1709 814 Severus
1738 773 1832 815 Pius
1863 773 1868 827 Ι

157 846 346 887 Pertinax
367 844 467 895 Aug.
492 841 497 897 Ι
520 842 710 882 Arabicus
731 841 993 882 Adiabenicus
1011 839 1015 895 Ι
1033 847 1144 894 pont.
1166 853 1278 890 mam,
1300 842 1391 882 trib.
1413 848 1494 894 pot.
1510 841 1619 891 1111¹‚
1638 840 1643 896 Ι
1661 842 1755 895 imp.
1771 841 1871 891 VIII,

156 926 239 954 cos.
271 913 324 962 lI,
355 925 393 964 p.
427 924 465 964 p.

272 979 403 1013 Romae
429 978 599 1019 (1219545
623 976 717 1011 Bull.
743 986 832 1010 eom.
855 976 896 1009 44
918 986 953 1019 p.
969 975 1044 1017 92).
1068 994 1111 999 -
1138 976 1170 1017 1)
1194 975 1238 1009 A.
1261 976 1334 1010 496.
1360 995 1402 1000 -
1425 976 1585 1020 Severus,
1610 986 1691 1009 cum
1709 978 1869 1020 primum

162 1037 359 1069 Pertinacis
389 1036 596 1067 memoriam
627 1033 792 1066 coluisset
822 1035 927 1074 atque
957 1033 1033 1074 ipse
1063 1033 1103 1064 in
1126 1032 1296 1065 honorem
1320 1034 1397 1065 eius
1419 1033 1594 1066 Pertinax
1625 1032 1742 1067 dietus
1772 1035 1871 1074 esset,

159 1095 299 1136 postea,
329 1092 498 1124 restituta
530 1091 702 1123 memoria
736 1088 932 1131 Commodi,
965 1089 1071 1121 huius
1100 1086 1254 1128 fratrem
1285 1092 1319 1121 et
1341 1088 1388 1123 M.
1413 1088 1557 1122 Aurelii
1585 1088 1703 1129 filium
1730 1100 1768 1122 se
1798 1089 1874 1122 dict·

163 1149 293 1189 voluit,
325 1158 395 1190 qua
428 1158 468 1180 re
499 1157 617 1185 omnes
646 1146 773 1179 horum
802 1146 971 1186 maiores,
1003 1155 1114 1187 usque
1143 1145 1192 1178 ad
1219 1145 1341 1178 divum
1372 1145 1545 1188 Nervam,
1575 1147 1647 1179 sibi
1678 1146 1873 1192 adoptavit.

162 1205 318 1238 Factum
352 1203 393 1236 id
427 1208 478 1237 est
509 1206 660 1236 eoeeunte
688 1205 731 1235 ut
761 1201 906 1234 videtur
934 1211 1029 1234 anno
1061 1201 1125 1234 495
1158 1201 1309 1241 (Eolchel
1328 1202 1361 1245 7,
1384 1202 1483 1243 475),
1511 1202 1634 1245 paullo
1665 1205 1747 1236 ante
1779 1204 1874 1236 hunc

164 1262 309 1294 titulum
326 1261 369 1293 ab
393 1261 471 1302 ipso
488 1259 618 1293 Severo
636 1253 825 1305 ἀρχηγέτῃ
850 1258 974 1291 domus
996 1268 1081 1290 suae
1102 1259 1268 1301 positum.
1307 1259 1440 1292 Eodem
1462 1257 1542 1298 fere
1565 1262 1720 1302 tempore
1744 1261 1878 1303 coepitt

164 1319 250 1352 Pius
273 1316 452 1360 appellari
476 1315 628 1356 (Eclclzel
648 1315 680 1358 7,
696 1316 792 1356 492).

278 1406 362 1452 419
406 1407 447 1447 in
478 1408 532 1447 h.¹
565 1408 608 1448 L.
642 1406 807 1459 Septimi
835 1405 841 1460 Ι
868 1406 1000 1446 Severi
1030 1406 1088 1446 Pii
1119 1404 1345 1460 Pertinaleis
1365 1407 1477 1459 Aug„
1509 1407 1642 1447 invicti
1670 1408 1779 1461 imp.‚
1807 1406 1814 1462 Ι
1839 1415 1878 1450 et

165 1478 216 1518 M.
239 1476 374 1517 Aureli
394 1472 598 1529 Antolnini
620 1475 741 1524 Caes„
759 1472 765 1529 Ι
784 1475 931 1527 legioni
951 1474 1057 1514 XXII
1078 1474 1141 1514 Pr.
1163 1486 1202 1526 p.
1224 1474 1250 1514 f.
1278 1473 1284 1527 Ι
1311 1474 1474 1515 honoris
1492 1474 1687 1527 virtutisq.
1714 1474 1721 1529 Ι
1747 1488 1875 1526 causa,

165 1546 302 1586 civitas
332 1542 607 1598 Trelverorum
633 1541 640 1595 Ι
666 1543 706 1582 in
739 1542 971 1583 obsidione²
1001 1542 1048 1583 ab
1079 1554 1124 1581 ea
1150 1541 1156 1595 Ι
1183 1542 1355 1582 defensa.

280 1610 504 1652 Mogontiaci
520 1610 567 1650 (J.
587 1608 701 1642 Keller
718 1608 1056 1652 Korreaepondenzbl.
1071 1609 1105 1642 d.
1127 1608 1412 1642 Westdeutschen
1428 1609 1567 1642 Ztschr.
1591 1609 1677 1644 4886
1689 1621 1726 1654 p.
1740 1611 1804 1645 440
1829 1609 1877 1651 cll

166 1679 202 1712 p.
215 1668 308 1710 487).
348 1666 488 1700 Titulus
500 1666 641 1708 positus
652 1668 738 1708 post
753 1665 928 1698 devictum
943 1665 1105 1699 Clodium
1119 1665 1289 1698 Albinum
1306 1666 1403 1709 opud
1415 1665 1658 1708 Lugudunum
1669 1666 1703 1700 d.
1716 1666 1758 1700 49
1770 1667 1879 1701 Febr.

167 1725 230 1758 497
256 1725 336 1765 (vit.
362 1723 439 1757 Sev.
455 1722 525 1765 44),
550 1725 743 1764 antequam
769 1721 955 1755 Caracalla
978 1722 1162 1763 Augustus
1185 1724 1466 1764 nuncuparetur,
1489 1722 1531 1755 id
1551 1723 1648 1765 quod
1668 1722 1806 1765 suetum
1829 1728 1880 1758 est

169 1793 202 1815 a.
218 1782 293 1816 498.
322 1800 359 1804 -
382 1781 414 1822 1)
439 1779 480 1812 In
498 1780 678 1812 honorem.
695 1797 739 1802 -
762 1779 795 1820 2)
813 1778 866 1810 De
881 1779 1089 1811 incursione
1113 1778 1236 1820 aliqua
1255 1777 1512 1811 Germanorum
1536 1780 1673 1822 cogitat
1686 1779 1880 1814 Mommsen

169 1837 342 1871 Koma-Bt.
369 1836 390 1869 l.
417 1847 444 1870 c.
465 1846 502 1878 p.
520 1835 597 1868 485.

283 1925 367 1971 420
410 1928 505 1978 imp.
537 1926 692 1966 Caesari
719 1925 724 1979 Ι
751 1926 826 1965 divi
857 1925 976 1965 Marci
1006 1926 1198 1966 Antonini
1219 1926 1276 1966 Pii
1304 1926 1310 1980 Ι
1338 1926 1468 1966 Germ.
1492 1927 1618 1967 Sarm.
1649 1928 1742 1977 filio,
1769 1927 1776 1981 Ι
1802 1928 1879 1968 divi

172 1995 376 2036 Commodi
408 1993 532 2042 fratri,
559 1994 566 2045 Ι
593 1993 669 2032 divi
689 1993 879 2033 Antonini
906 1993 962 2034 Pii
996 1994 1143 2046 nepoti,
1171 1991 1178 2047 Ι
1203 1994 1278 2034 divi
1304 1994 1491 2034 Hadriani
1520 1996 1745 2048 pronepoti,
1771 1997 1780 2049 Ι
1805 1996 1881 2036 divi

171 2063 330 2102 Traiani
360 2062 489 2101 Parth.
522 2059 731 2113 abnepoti,
758 2060 764 2113 Ι
791 2061 867 2100 divi
897 2061 1044 2101 Nervae
1074 2061 1258 2113 adnepoti
1295 2060 1302 2115 Ι
1335 2062 1377 2102 L.
1411 2062 1599 2115 Septimio
1635 2062 1780 2103 Severo
1811 2063 1880 2104 Pio

172 2129 368 2171 Pertinaci
389 2130 487 2180 Aug.
516 2127 522 2182 Ι
549 2128 665 2167 Arab.
687 2128 837 2176 Adiab„
867 2134 979 2180 pont.
1001 2141 1115 2177 max„
1143 2130 1150 2179 Ι
1175 2129 1368 2182 trib.‘pot.
1392 2129 1456 2178 V¹‚
1486 2130 1580 2183 imp.
1602 2130 1702 2180 VIII,
1733 2143 1812 2172 cos.
1834 2131 1882 2180 II,

175 2211 213 2251 p.
245 2210 299 2250 p.‚
326 2197 332 2248 Ι
359 2197 432 2236 col.
464 2196 572 2236 Aelia
601 2196 797 2236 Hadriana
827 2198 1000 2247 Augusta
1030 2196 1223 2236 Formiae.
1282 2208 1285 2212 ·

289 2264 450 2297 Formiis
467 2263 517 2303 (X
529 2264 640 2307 6079).
664 2282 708 2287 —-
736 2264 768 2305 1)
783 2262 826 2296 A.
843 2262 917 2296 497.
963 2263 1006 2295 In
1029 2264 1150 2296 eadem
1175 2265 1368 2297 tribunicia
1385 2266 1560 2307 potestate
1583 2266 1708 2306 quinta
1731 2263 1887 2298 Severus-

172 2323 279 2354 etiam
295 2330 428 2353 nonum
444 2323 478 2353 et
494 2320 669 2353 decimum
689 2321 887 2363 imperator
910 2320 1110 2362 appellatus
1126 2323 1179 2353 est
1195 2319 1348 2360 (Eclthel
1359 2320 1390 2361 7,
1407 2320 1496 2363 476).
1543 2320 1696 2360 (Error-e
1711 2320 1792 2363 imp.
1810 2319 1881 2355 VIII

171 2378 407 2418 coniungitur
431 2387 510 2409 eum
535 2376 611 2410 trib.
643 2379 714 2419 pot.
740 2375 796 2409 XII
820 2376 876 2409 III
898 2376 932 2409 S.
956 2377 1050 2410 6709.
1067 2377 1160 2410 6740.
1177 2377 1292 2421 6742).

287 2476 368 2523 421
416 2508 689 2518 .........
721 2476 920 2534 abne]poti
950 2479 1027 2519 divi
1051 2480 1199 2519 Nervae
1229 2476 1396 2535 adn[ep.]
1424 2478 1431 2534 Ι
1456 2479 1500 2520 L.
1523 2479 1712 2531 Septimio
1735 2479 1882 2519 Severo

174 2548 244 2588 Pio
285 2543 529 2601 Pe[r]{tinaci
565 2547 663 2598 Aug.
698 2547 875 2598 pontifici
913 2544 1161 2603 max[i]}mo¹,
1206 2547 1373 2587 Arabico
1411 2546 1650 2587 Adiabenico
1686 2546 1693 2600 Ι
1727 2546 1882 2587 Partico

175 2614 346 2655 maximo
357 2614 383 2662 ²,
405 2625 486 2653 cos.
508 2613 555 2661 II,
578 2626 748 2664 procos„
771 2615 970 2655 tribunici.
991 2621 1087 2668 pot„
1107 2614 1111 2669 Ι
1129 2616 1222 2667 imp.
1244 2615 1296 2654 XI
1307 2615 1333 2663 ⁸,
1355 2614 1499 2654 invicto
1520 2614 1673 2666 imper„
1701 2611 1708 2668 Ι
1733 2613 1884 2655 Feren-

175 2682 319 2722 tinates
350 2679 505 2734 nolvani
535 2681 773 2721 devotissimi
799 2681 804 2734 Ι
833 2683 985 2722 numini
1016 2683 1111 2723 eius.
1856 2670 1863 2677 .

291 2748 485 2785 Ferentini,
504 2746 554 2787 (X
564 2748 686 2789 5825).
709 2766 752 2772 -
779 2750 810 2790 1)
833 2749 1017 2789 Pontifieis
1047 2751 1200 2783 maa-imi
1222 2750 1432 2783 vocabulum
1455 2749 1513 2781 hic
1537 2748 1736 2782 collocatur
1757 2751 1883 2781 eontra

177 2815 280 2839 usum
303 2803 514 2844 sollemnem,
539 2814 586 2836 ex
611 2814 679 2846 quo
705 2803 875 2836 collocari
899 2804 1019 2837 debuit
1039 2809 1121 2848 post
1143 2805 1302 2839 Parthico
1334 2805 1480 2840 maximo
1488 2818 1503 2846 ,·
1533 2805 1574 2838 id
1604 2806 1720 2848 ipsum
1752 2807 1787 2837 et
1810 2803 1883 2837 alia

177 2863 217 2894 in
251 2861 364 2894 titulis
389 2859 512 2893 Severi
541 2870 645 2900 rara,
677 2862 719 2892 ut
749 2861 963 2893 tribuniciae
991 2864 1174 2904 potestatis
1202 2872 1370 2895 numerus
1397 2862 1564 2903 omissas,
1588 2862 1823 2894 inveniuntur·
1844 2861 1884 2892 in

179 2917 285 2950 titulo
310 2928 332 2949 a
356 2918 485 2949 vicinis
507 2916 796 2949 Ferentinatium
819 2917 1023 2959 Anagninis
1046 2918 1165 2951 eodem
1190 2921 1345 2961 tempore
1362 2919 1481 2961 posito
1504 2917 1536 2950 X
1557 2918 1646 2950 5908
1670 2915 1735 2960 (cll
1759 2915 1830 2949 Mo.
1853 2914 1888 2948 X

178 2985 217 3017 p.
242 2974 351 3014 4044).
382 2991 428 2997 -
461 2974 494 3014 2)
518 2973 704 3006 Parthicus
726 2973 905 3005 mamimus
927 2976 1105 3016 reperitur
1128 2974 1328 3018 appellatus
1351 2975 1500 3008 Severus
1519 2976 1679 3017 primum
1701 2974 1743 3005 in
1767 2971 1885 3004 titulis
1955 2980 1959 2981 ⁷

180 3031 269 3063 anni
292 3030 355 3062 498
379 3032 413 3062 et
434 3030 472 3062 in
496 3029 652 3061 nummis
674 3028 795 3061 eodem
818 3026 895 3067 fere
920 3031 1074 3072 tempore
1096 3033 1188 3063 cusis
1210 3030 1360 3071 (Eclclzel
1373 3030 1404 3073 7,
1420 3030 1521 3072 478)‚·
1545 3030 1654 3071 (male
1676 3032 1752 3064 sine
1776 3027 1884 3061 dubio
