1968 3268
185 87 223 126 8-
952 83 1072 128 Caput
1094 83 1123 117 I.

184 203 305 234 rectus
330 199 415 240 (Mo.
417 202 446 242 ).
470 219 515 223 —
540 200 574 241 3)
598 199 720 231 Iudice
743 197 956 231 Mommseno
978 196 1164 238 gloriatur
1187 195 1359 237 Popillius
1387 195 1484 238 quod
1505 197 1544 228 in
1574 205 1694 228 servos
1715 192 1895 238 fugitivos

184 267 258 290 non
282 248 584 294 animadverterit,
609 255 672 287 sed
693 255 894 287 restituerit
917 263 976 285 eos
1002 252 1156 285 dominis
1171 250 1319 284 Italicis.
1336 270 1382 276 -
1399 253 1432 293 4)
1453 252 1638 285 Pet-tinent
1661 252 1748 285 haee
1771 251 1820 284 ad
1838 249 1893 284 Ti.

192 311 346 346 Gracchi
371 312 480 354 legem
505 312 703 353 agrariam,
730 310 837 343 latam
862 319 957 342 anno
981 311 1064 341 ante
1088 318 1194 350 quam
1217 307 1390 350 Popillius
1413 307 1538 340 consul
1558 306 1643 348 l'u'it.

764 533 981 582 Termini
1017 531 1308 581 Gracchani.

301 634 363 678 24
407 636 446 676 C.
478 632 772 690 S[e]mpronius
803 635 861 673 Ti.
893 635 918 674 f.
951 633 1078 683 Grac„
1107 631 1113 687 Ι
1139 635 1211 686 Ap.
1233 633 1417 673 Claudius
1448 633 1489 673 C.
1520 634 1546 672 f.
1578 633 1700 681 Polo„
1726 631 1735 688 Ι
1759 623 1803 674 Ρ.
1823 635 1890 675 Li-

187 704 316 745 cinius
346 703 389 742 P.
421 704 446 742 f.
479 702 583 742 Cras.
611 702 617 755 Ι
645 702 766 741 Illvir.
797 715 830 742 3.
862 703 886 742 i.
919 703 974 741 a.¹

303 769 472 803 Columna
502 779 574 812 rep.
605 779 715 812 supra
741 769 899 811 Capuam
931 768 979 800 ad
1002 767 1040 801 S.
1058 767 1189 809 Angeli
1212 778 1245 809 q.
1271 766 1304 800 d.
1329 767 1368 799 in
1391 766 1536 799 Formis
1566 767 1605 807 (Ι
1622 768 1704 803 552.
1726 767 1759 802 Χ
1780 767 1868 802 5861
1876 780 1891 810 ,-

187 827 323 860 Ritsclzl
348 827 429 868 tab„
453 835 571 859 enarr.
590 835 628 867 p.
653 826 704 858 49.
732 826 801 867 94).
850 825 891 857 In
917 825 1047 857 vertice
1071 823 1254 856 columnae
1279 822 1412 865 legitur
1435 821 1470 856 k.
1497 822 1550 857 xl.
1575 821 1607 858 d.
1632 823 1656 865 1,
1679 825 1704 858 i.
1720 835 1749 859 e.
1776 823 1889 857 kardo

187 883 407 924 undecimus,
425 881 640 914 decumanus
652 882 803 923 primus.
841 881 980 914 Similes
993 881 1185 921 columnas,
1200 880 1262 912 sed
1273 880 1392 912 minus
1405 879 1508 922 plene
1525 880 1644 920 lectas,
1662 881 1767 913 habes
1782 880 1891 915 1555.

188 938 369 973 4504=X
380 939 458 972 289.
471 938 568 971 5760.
584 955 631 960 -
650 936 830 970 Terminus
847 938 910 970 hos
923 938 1057 980 positos
1073 947 1145 968 esse
1156 938 1239 979 post
1255 939 1404 968 mortem
1420 935 1472 968 Ti.
1491 935 1643 969 Gracchi
1661 937 1710 976 (a.
1721 936 1786 971 621
1799 936 1892 979 fin),

188 997 251 1037 qui
265 1006 302 1027 se
318 996 433 1038 ipsum
449 996 484 1026 et
501 993 535 1027 C.
555 993 753 1027 Gracchum
768 993 921 1033 fratrem
940 996 974 1026 et
988 993 1054 1036 Ap.
1075 992 1262 1026 Claudium
1278 1002 1439 1025 socerum
1459 993 1664 1025 triumviros
1687 993 1788 1036 agris
1802 993 1894 1026 divi-

188 1051 313 1084 dendis
337 1053 531 1092 creaverat,
554 1050 701 1091 suffecto
726 1052 766 1084 in
790 1052 864 1083 eius
889 1050 1004 1083 locum
1023 1050 1057 1082 P.
1074 1048 1215 1082 Licinio
1243 1048 1378 1090 Crasso,
1402 1050 1570 1092 emposuit
1589 1047 1660 1082 Mo.
1682 1048 1718 1084 C.
1734 1049 1754 1082 Ι
1766 1059 1801 1092 p.
1818 1049 1892 1084 157.

186 1126 232 1132 —-
267 1108 298 1150 1)
325 1109 397 1139 tres
420 1108 491 1138 viri
514 1108 614 1149 agris
638 1107 841 1140 iudicandis
865 1105 1100 1148 adsignandis
1124 1105 1215 1145 (vel.·
1239 1104 1496 1147 adtribucndis,
1521 1102 1568 1144 cll
1592 1104 1695 1145 infra
1717 1102 1763 1140 N.
1778 1107 1850 1148 48).

302 1217 360 1261 25
403 1219 452 1259 M.
475 1219 630 1260 Folvius
661 1220 710 1259 M.
733 1221 758 1259 f.
782 1220 898 1267 Flac..
926 1219 999 1272 lC.
1023 1219 1287 1271 Sempronius
1318 1219 1376 1258 Ti.
1402 1220 1429 1258 f.
1451 1218 1579 1268 Grac„
1607 1218 1680 1272 ΙΟ.
1703 1219 1892 1273 Paperius

188 1287 231 1327 C.
263 1288 288 1326 f.
322 1286 448 1327 Carbo
476 1285 483 1340 Ι
508 1287 643 1327 Illvire
674 1300 707 1327 a.
739 1288 763 1327 i.
795 1301 828 1326 a.

304 1354 494 1387 Columnae
516 1355 608 1387 duae
630 1366 764 1397 parvae
788 1365 862 1397 rep.
885 1356 925 1387 in
949 1364 1039 1396 agro
1058 1355 1291 1396 Haerpinorum
1315 1355 1409 1386 inter
1432 1353 1628 1386 Aeclanum
1652 1356 1687 1386 et
1711 1353 1895 1397 Compsam

185 1421 299 1454 prope
329 1413 446 1443 vicum
477 1409 592 1444 Roeca
623 1411 697 1444 San
728 1411 848 1443 Felice
879 1411 916 1450 (I
934 1412 1010 1444 554.
1033 1412 1111 1444 555.
1147 1410 1200 1444 IX
1220 1410 1317 1443 1024.
1341 1409 1449 1450 1025,·
1481 1408 1620 1442 Bitschl
1641 1411 1710 1443 tab.
1734 1410 1894 1453 LVcd).

191 1468 233 1500 In
249 1468 441 1500 verticibus
466 1468 594 1500 harum
611 1467 857 1499 columnarum
883 1468 963 1507 (nee
978 1476 1051 1499 non
1068 1465 1251 1499 columnae
1268 1467 1405 1507 tertiae,
1430 1466 1532 1498 cuius
1548 1465 1689 1509 reliqua
1705 1468 1893 1511 inscriptio

184 1524 311 1566 periit,
335 1523 357 1555 I
374 1524 450 1556 556.
482 1523 533 1555 IX
554 1523 657 1565 1026)
690 1524 885 1565 inscriptae
907 1525 992 1555 sunt
1016 1522 1156 1555 litterae
1177 1523 1381 1564 singulares
1405 1521 1563 1554 nondum
1586 1525 1682 1556 recte
1705 1522 1817 1556 lectae
1839 1523 1896 1557 vel

189 1579 401 1622 explicatae.
443 1578 630 1612 Columnas
649 1580 789 1621 positas
813 1589 885 1611 esse
909 1581 974 1610 aut
996 1589 1029 1611 a.
1045 1579 1121 1620 624,
1147 1589 1226 1621 quo,
1251 1581 1402 1611 mortuis
1417 1580 1456 1612 P.
1475 1578 1614 1612 Licinio
1633 1578 1759 1613 Crasso
1775 1582 1811 1612 ot
1824 1580 1892 1623 Ap.

189 1635 339 1669 Claudio
372 1635 539 1676 suffectos
563 1645 634 1667 esse
658 1634 706 1667 M.
730 1635 900 1668 Fulvium
923 1635 1096 1667 Flaccum
1121 1634 1299 1667 consulem
1323 1647 1356 1668 a.
1372 1636 1439 1669 629
1471 1638 1507 1668 et
1541 1636 1576 1670 C.
1599 1637 1785 1678 Papirium
1809 1636 1896 1670 Car-

188 1693 311 1724 bonem
338 1691 514 1725 consulem
538 1703 572 1724 a.
595 1692 661 1725 654
684 1691 910 1724 statuendum
934 1693 999 1733 est,
1033 1694 1098 1723 aut
1121 1702 1152 1724 a.
1177 1692 1263 1733 625,
1300 1702 1368 1733 quo
1398 1693 1599 1724 triumviris
1622 1691 1694 1725 illis
1717 1693 1894 1726 iudicatio

188 1748 230 1780 de
254 1750 355 1790 agris
379 1748 542 1790 adempta
561 1750 612 1780 est
628 1748 787 1790 (Appian
805 1749 836 1781 b.
854 1759 882 1780 c.
901 1748 1002 1789 1,19)
1020 1748 1268 1790 desimuncque
1292 1747 1470 1790 appellari
1492 1749 1536 1781 ab
1554 1749 1655 1790 agris
1678 1748 1894 1810 iudicandis,

187 1806 356 1847 exposuit
378 1804 447 1837 Mo.
476 1804 509 1838 C.
536 1804 556 1836 I
575 1815 609 1846 p.
627 1804 700 1837 157.

305 1918 365 1962 26
410 1919 459 1958 Μ.
493 1918 702 1958 Terentius
732 1918 783 1957 Μ.
814 1919 840 1957 f.
868 1916 873 1970 Ι
902 1918 1022 1958 Varro
1054 1917 1273 1971 Lucullus}
1310 1929 1383 1970 pro
1422 1930 1482 1970 pr.
1522 1917 1744 1973 terminos}
1778 1919 1894 1960 resti·
1925 1944 1928 1949 -

189 1987 359 2027 tuendos
394 1985 400 2039 Ι
436 1998 482 2025 ex
512 1999 543 2026 5.
575 1999 609 2026 c.
640 1986 811 2026 coeravit
845 1984 850 2040 Ι
888 1998 962 2051 qua
994 1986 1036 2024 P.
1068 1985 1243 2025 Licinius
1269 1983 1274 2070 Ι
1301 1986 1374 2037 Ap.
1407 1985 1589 2027 Claudius
1613 1984 1621 2040 Ι
1648 1985 1690 2026 C.
1721 1985 1895 2026 Graccus

190 2054 317 2094 lllvir
345 2052 411 2107 Ι3.
443 2054 479 2093 d.
511 2066 544 2092 3.
575 2054 599 2092 i.
612 2054 886 2093 ¹statuerunt.

306 2120 403 2152 Inter
419 2121 608 2153 Pisaurum
625 2123 660 2151 et
675 2120 818 2152 Fanum
841 2131 915 2162 rep.
941 2120 978 2161 (I
988 2121 1087 2160 585).
1104 2138 1148 2143 -
1177 2118 1334 2152 Titulum
1351 2121 1512 2162 positum
1530 2122 1643 2163 putat
1662 2120 1897 2163 Bor-gneneus

191 2188 270 2220 opp.
287 2177 308 2209 7
321 2187 357 2219 p.
374 2177 452 2211 550.
469 2176 535 2210 551
554 2188 576 2209 a
593 2175 639 2208 M.
660 2175 823 2208 Terentio
842 2176 1007 2209 Varrone
1026 2175 1173 2209 Lucullo
1191 2177 1286 2208 inter
1304 2178 1515 2218 praeturam
1532 2176 1582 2217 (a.
1602 2176 1677 2219 678,
1701 2174 1750 2216 cf.
1764 2176 1895 2210 Ascon.

186 2245 223 2277 p.
241 2235 284 2267 84
311 2233 385 2275 Or.)
411 2236 446 2266 et
470 2232 692 2265 consulatum
717 2233 765 2272 (a.
783 2232 875 2274 681),
898 2232 1035 2264 scilicet
1059 2242 1138 2264 cum
1157 2234 1397 2275 propraetore
1415 2231 1568 2265 Galliam
1593 2231 1809 2276 Cisalpinam
1834 2232 1896 2265 ad-

190 2292 423 2332 ministraret,
447 2288 681 2322 Mommsenus
705 2290 749 2321 ab
773 2289 893 2321 eodem
917 2299 1012 2322 anno
1036 2289 1101 2322 672
1129 2288 1183 2320 vel
1202 2289 1279 2329 675,
1303 2299 1383 2321 eum
1405 2288 1527 2322 Sullae
1547 2291 1670 2332 partes
1691 2292 1830 2322 secutus
1852 2290 1893 2321 in

191 2346 264 2379 illis
287 2347 493 2389 regionibus
517 2347 693 2378 eaeercitui
712 2348 902 2388 praeesset.
928 2364 970 2368 —
997 2346 1030 2387 1)
1054 2347 1155 2387 agris
1180 2345 1308 2377 dandis
1330 2344 1566 2387 adsignandis
1588 2343 1805 2378 iudicandis.

300 2514 356 2559 27
386 2515 447 2554 Μ’.
470 2498 662 2566 Aquillius
682 2515 744 2554 Μ’.
767 2516 793 2554 f.
817 2514 822 2569 Ι
846 2528 926 2555 cos.
954 2517 957 2568 ξ
981 2515 1130 2554 CXXXI
1143 2516 1167 2555 ¹.
1198 2514 1202 2569 Ι
1229 2512 1446 2569 ΙΜάνιΙος
1469 2508 1766 2569 [Ἀ]κύλ.λ[ι]ος
1786 2515 1894 2555 Μα-

193 2585 289 2625 νίου
316 2576 365 2636 Ι
348 2577 520 2631 ὕπατος
547 2578 768 2635 Ῥωμαίων
797 2581 802 2635 Ι
829 2581 945 2634 Qlice'¹
951 2615 960 2623 .

308 2660 418 2704 Lapis
441 2660 635 2692 milliarius
659 2662 740 2692 viae
762 2660 901 2702 Epheso
926 2660 1137 2702 Pergamum
1162 2661 1332 2702 ducentis,
1354 2670 1429 2703 rep.
1451 2670 1525 2692 non
1550 2658 1654 2700 longe
1675 2669 1698 2691 a
1722 2659 1895 2710 Pergamo

195 2717 271 2757 (III
283 2717 399 2760 suppl.
411 2716 527 2758 7185).
564 2716 704 2749 Similes
722 2716 857 2758 lapides
874 2718 909 2747 et
924 2717 962 2748 in
979 2717 1062 2748 aliis
1080 2727 1156 2748 vzae
1158 2719 1276 2750 Asiae
1290 2709 1504 2759 prodierunt
1520 2714 1593 2754 (111
1605 2714 1676 2748 479.
1692 2714 1785 2749 7177.
1800 2715 1895 2749 7184

189 2774 310 2814 7205).
330 2791 374 2797 -—
394 2775 424 2815 l)
444 2772 618 2806 Numerus
633 2772 786 2804 millium
807 2782 988 2814 passuum,
1014 2775 1101 2814 quot
1125 2774 1183 2805 llic
1208 2773 1299 2815 lapis
1322 2774 1446 2805 aberat
1459 2772 1504 2804 ab
1520 2770 1657 2813 Epheso
1683 2772 1799 2813 capite
1811 2781 1896 2814 pro-
1958 2782 1963 2783 ⁷

195 2831 338 2862 vinciae
361 2829 478 2863 Asiae.
503 2847 547 2853 —·
571 2828 632 2862 Μ’.
655 2828 854 2871 Aquillium
879 2837 947 2861 cos.
972 2839 1005 2861 a.
1030 2829 1096 2861 625
1120 2829 1244 2861 Asiam
1268 2828 1506 2861 Romanorum
1528 2824 1665 2865 factam
1688 2828 1896 2859 testamento

195 2885 318 2918 Attali
343 2885 566 2918 ordinavisse
591 2885 703 2918 tradit
726 2884 854 2917 Strabo
872 2884 912 2917 14
933 2894 969 2927 p.
986 2885 1057 2917 646.
1108 2885 1259 2918 Viarum
1285 2894 1422 2927 quoque
1441 2883 1650 2926 provinciae
1672 2891 1796 2915 curam
1818 2892 1896 2915 eum

194 2942 358 2974 habuisse
382 2943 421 2974 Ιιί
446 2941 579 2984 lapides
604 2941 738 2974 docent.
