1968 3268
135 120 189 158 88
397 113 400 115 ’
898 118 1016 164 caput
1038 117 1087 152 n.

250 231 382 265 Romae
401 233 440 265 in
456 231 636 264 mausoleo
653 230 850 271 Hadriani,
877 230 1054 273 descripta
1078 230 1261 272 reperitur
1283 231 1323 262 in
1346 231 1462 262 vetere
1483 229 1604 263 codice
1618 229 1850 274 Eimiaiensi,

137 288 181 322 de
205 298 275 331 quo
298 299 410 331 cupra
431 280 540 331 p.*28
563 290 648 327 not„
681 290 716 319 et
742 287 858 320 denuo
881 296 971 319 saec.
996 285 1087 319 XIV
1103 287 1138 317 et
1159 284 1235 325 XV,
1269 295 1338 328 quo
1362 288 1513 319 exeunte
1537 287 1686 329 periisse
1707 285 1849 320 videtur·

137 345 211 388 (VJ
228 344 322 389 986).
372 344 436 378 Vv.
464 344 674 378 divisionem
698 342 837 376 videtur
858 352 1016 374 servasse
1040 341 1222 385 Cyriacus.
1246 359 1291 366 -—
1315 341 1381 374 Est
1403 342 1530 376 titulm·
1550 342 1762 386 sepulcralis
1782 343 1848 376 im-

132 402 319 444 peratori-5·
342 401 521 434 Antonini
542 401 637 442 Aug.
661 400 729 439 Pii,
754 408 874 431 omnes
898 398 1049 430 honores
1073 399 1106 430 ei
1129 398 1267 430 habitos
1289 408 1482 432 recensens.

248 488 332 535 347
379 491 466 530 ‹livo
498 490 701 530 Antonino
732 489 831 541 Aug.
863 488 931 528 Pio
958 487 965 541 Ι
992 489 1217 529 Antoninus
1242 490 1443 541 Augustus
1471 494 1513 529 et
1535 488 1544 543 Ι
1569 488 1693 530 Verus
1712 490 1847 541 Augu-

137 566 223 600 stus
252 559 333 599 filii.

249 624 380 658 Romae
404 625 444 656 in
469 624 547 656 basi
571 623 779 664 columnae,
811 626 989 656 emor-nata
1021 633 1126 666 opere
1149 623 1357 666 anaglypho
1381 622 1430 655 ad
1451 624 1754 656 consecrationem
1775 623 1848 656 An-

138 683 258 716 tonini
276 681 492 725 pertinente,
515 690 589 722 rep.
613 681 652 712 in
671 689 794 722 campo
812 678 957 720 Martio,
983 682 1035 712 est
1057 680 1096 712 in
1121 679 1236 712 hortis
1260 679 1450 712 Vaticanis
1474 677 1662 721 (V11004;
1686 679 1850 712 Huebner

136 749 193 771 eoe.
217 748 286 771 scr.
311 747 364 779 ep.
387 736 484 780 294).

251 815 339 862 348
383 816 471 856 divo
503 815 708 855 Antonino
740 815 799 855 et¹
827 813 833 868 Ι
861 815 971 854 divae
1002 814 1212 855 Faustinae
1241 827 1290 854 ex
1318 828 1349 856 s.
1381 827 1415 855 e.

252 884 295 917 In
318 882 402 924 foro
419 882 579 916 Romano
602 883 642 915 in
667 881 832 926 epistylio
858 881 958 914 aedis
972 882 1152 915 Antonini
1175 884 1210 914 et
1219 881 1420 915 Faustinae
1445 881 1582 925 (postea
1606 883 1644 914 in
1668 880 1851 915 ecclesiam

135 940 172 974 S.
202 941 397 974 Laurentii
421 938 649 982 conversae),
678 938 807 971 litteris
829 939 998 971 maa-imis
1030 938 1102 979 (VI
1121 939 1229 979 1005;
1252 938 1417 971 Huebner
1439 948 1494 971 ex.
1517 947 1586 971 scr.
1610 947 1663 981 ep.
1687 937 1784 981 295).
1806 956 1849 961 -

142 998 174 1040 1)
192 997 287 1029 Haec
302 995 473 1029 videnlur
486 997 610 1037 postea
627 994 752 1027 addita
770 1005 853 1038 esse,
878 1005 958 1027 cum
982 997 1088 1027 antea
1107 995 1210 1027 aedes
1232 994 1301 1028 soli
1315 993 1515 1026 Faustinae
1530 993 1695 1027 dedicata
1710 991 1850 1033 fuisset.

246 1084 331 1130 349
375 1086 485 1126 divae
518 1082 766 1141 Faustin[a]e
797 1086 998 1137 Augustae
1028 1086 1121 1138 imp.
1154 1084 1327 1125 Caesaris
1358 1085 1402 1124 T.
1423 1084 1523 1125 Aelii
1552 1083 1740 1125 Hadriani
1769 1085 1850 1124 An-

137 1154 267 1195 tonini
297 1155 397 1206 Aug.
431 1153 489 1193 Pii
520 1153 661 1205 pontif.
692 1153 861 1202 maximi,
892 1154 983 1193 trib.
1014 1160 1096 1205 pot.
1129 1153 1235 1201 lllI¹‚
1268 1165 1347 1193 cos.
1379 1152 1446 1201 lll,
1477 1165 1517 1205 p.
1547 1164 1587 1204 p.

254 1219 386 1253 Romae
409 1221 448 1252 in
472 1220 649 1253 mausoleo
675 1219 868 1260 Hadriani,
904 1219 976 1263 (VJ
1000 1221 1065 1253 987
1092 1220 1249 1252 servavit
1271 1221 1370 1252 vetus
1393 1219 1507 1252 codex
1529 1217 1782 1259 Eimidlemis,
1807 1217 1849 1251 de

141 1288 211 1321 quo
226 1287 337 1320 supra
351 1287 386 1319 p.
403 1277 451 1309 28
467 1279 537 1309 not.
536 1276 570 1319 ).
606 1276 672 1309 Est
695 1277 822 1309 titulus
843 1276 1056 1319 sepulcralis
1071 1275 1272 1308 Faustinae
1288 1275 1447 1307 maioris.
1464 1293 1508 1298 —
1527 1274 1560 1316 1)
1575 1274 1660 1308 Dec.
1676 1273 1770 1318 44014
1778 1286 1792 1315 ,·
1814 1277 1850 1307 et

140 1335 194 1366 ait
217 1333 435 1375 biographus
451 1332 509 1364 Pii
532 1341 560 1364 c.
577 1332 597 1365 6
622 1333 726 1366 tertio
751 1342 845 1365 anno
868 1334 1013 1376 imperii
1035 1334 1093 1365 sui
1117 1331 1200 1375 (Iul.
1225 1330 1378 1376 ΜΟΙΜΙ)
1403 1331 1618 1364 Faustinam
1640 1340 1792 1364 usi-orem
1815 1331 1850 1362 ei

142 1392 299 1432 ereptam
323 1399 403 1421 esse.

253 1467 339 1513 35⁰
383 1469 433 1508 Μ.
465 1467 648 1508 Aurelius
677 1468 824 1510 Fulvus
853 1469 1093 1517 Antoninus,
1124 1469 1227 1509 filius
1257 1469 1351 1522 imp.
1379 1467 1555 1508 Caesaris
1584 1467 1630 1506 Τ.
1650 1466 1749 1507 Aelii
1771 1466 1850 1506 Ha-

143 1537 271 1577 driani
300 1535 493 1576 Antonini
523 1535 621 1587 Aug.
652 1535 711 1576 Pii
741 1549 780 1589 p.
811 1550 850 1590 p.

253 1602 336 1648 351
383 1604 432 1643 M.
470 1603 647 1643 Galerius
677 1603 857 1644 Aurelius
893 1604 1135 1651 Antoninus,
1176 1604 1278 1644 filius
1317 1603 1410 1656 imp.
1442 1602 1617 1644 Caesaris
1646 1601 1724 1642 Titi
1752 1601 1849 1642 Aelii

141 1671 327 1713 Hadriani
356 1671 548 1711 Antonini
578 1673 676 1723 Aug.
707 1670 766 1710 Pii
795 1683 835 1723 p.
866 1684 905 1724 p.

254 1737 385 1772 Romae
421 1739 460 1770 in
498 1737 678 1770 mausoleo
711 1737 891 1771 Hadriani
923 1738 991 1781 (VI
1013 1739 1091 1771 988.
1113 1739 1195 1778 989,
1236 1738 1393 1771 servavit
1431 1738 1531 1769 vetus
1562 1736 1676 1769 codex
1705 1735 1851 1769 Eiresid-

141 1794 274 1839 lensis).
326 1793 439 1827 Tituli
469 1794 685 1836 sepulcrales
717 1793 872 1827 duorum
900 1794 1060 1835 filiorum
1089 1794 1268 1827 Antonini
1298 1793 1373 1833 Pii,
1407 1801 1560 1835 quorum
1589 1793 1721 1825 mentio
1751 1794 1854 1826 extat

141 1853 249 1883 etiam
272 1851 312 1883 in
335 1851 410 1883 vita
434 1851 493 1884 Pii
515 1861 545 1884 c.
561 1851 593 1891 4,
619 1850 768 1883 alterius
790 1852 964 1883 memoria
984 1853 1171 1893 praeterea
1195 1852 1235 1882 in
1258 1859 1402 1882 nummo
1426 1849 1543 1881 nescio
1569 1849 1672 1881 cuius
1695 1849 1854 1882 civitatis

144 1906 300 1939 Graecae
334 1906 486 1949 (Eclclzel
514 1907 545 1947 7,
570 1908 637 1948 42;
669 1906 787 1941 Colum
819 1906 871 1941 ed.
896 1907 919 1939 2
945 1906 984 1939 II
1002 1906 1083 1949 445)
1116 1907 1289 1948 inscripto
1322 1906 1373 1941 M.
1398 1902 1586 1950 Γαλέριος
1615 1898 1853 1946 Ἄντωνεῖνος

142 1956 432 2009 αὐτοκράτορος
457 1957 703 1999 Ἀντωνείνου
727 1958 818 2004 υἱός.

256 2041 342 2087 352
384 2043 540 2083 Aurelia
572 2043 750 2092 Fadilla¹‚
781 2043 859 2083 filia
890 2043 982 2096 imp.
1015 2042 1189 2082 Caesaris
1220 2042 1296 2082 Titi
1327 2042 1425 2082 Aelii
1446 2041 1635 2082 Hadriani
1658 2041 1851 2082 Antonini

143 2111 307 2162 Augusti
340 2110 395 2150 Pii
425 2124 464 2163 p.
496 2124 534 2163 p.
930 2107 933 2109 ’

256 2175 387 2209 Romae
418 2178 459 2210 in
489 2176 669 2210 mausoleo
702 2177 881 2210 Hadriani
914 2177 982 2220 (VJ
1004 2178 1088 2219 990,
1122 2178 1278 2209 servavit
1312 2178 1412 2208 vetus
1445 2175 1557 2209 'codex
1585 2174 1852 2218 Einsidlemis).

141 2251 184 2257 —
205 2235 236 2274 1)
253 2233 354 2266 Filia
376 2235 496 2266 maior
510 2233 687 2266 Antonini
701 2234 770 2275 Pii,
794 2242 892 2265 uxor
906 2232 1052 2265 Lamiae
1069 2232 1188 2266 Silani
1210 2232 1266 2265 vel
1282 2234 1408 2276 potius
1431 2231 1574 2266 Silvani
1597 2230 1677 2274 (vit.
1701 2231 1784 2264 Aut.
1799 2230 1849 2274 4),

140 2292 282 2322 mortua
312 2292 395 2322 ante
424 2299 559 2323 annum
582 2289 650 2324 438
682 2288 760 2333 (vit.
784 2289 843 2332 5),
874 2288 936 2321 sed
952 2292 1097 2332 postea,
1129 2292 1172 2321 ut
1201 2299 1247 2322 ese
1279 2290 1344 2322 hoc
1376 2289 1482 2322 titulo
1514 2290 1681 2332 apparet,
1714 2286 1850 2320 tumulo

142 2345 320 2377 Hadriani
343 2346 471 2381 inlata.

255 2400 457 2434 concubina
483 2402 660 2435 Antonini
683 2402 743 2435 Pii
767 2401 909 2434 videtur
932 2402 1127 2435 memorari
1152 2401 1213 2444 VJ,
1228 2401 1328 2435 8972.

253 2511 337 2557 353
382 2514 431 2553 Μ.
452 2515 563 2554 Aelio
583 2516 743 2555 Aurelio
771 2513 777 2568 Ι
804 2516 933 2556 Caes.¹
965 2527 1044 2555 cos.
1066 2514 1139 2563 11²,
1170 2515 1222 2554 fil.
1251 2513 1257 2568 Ι
1282 2515 1377 2567 imp.
1409 2512 1601 2553 Antonini
1630 2513 1729 2564 Aug.
1759 2512 1814 2551 Pii
1841 2510 1848 2564 Ι

140 2593 179 2633 p.
211 2592 264 2633 p..
296 2580 332 2619 d.
364 2580 399 2619 d.
431 2581 493 2632 p.³

255 2646 376 2679 Firmi
391 2647 513 2679 Piceni
535 2647 605 2691 (IX
616 2648 733 2691 5554).
760 2666 802 2672 —
830 2648 862 2687 1)
888 2648 944 2680 Ita
964 2649 1174 2691 plerumque
1199 2647 1402 2691 appellatur
1416 2647 1456 2678 in
1472 2646 1708 2679 monumentis
1723 2645 1852 2679 Italiae

140 2703 285 2737 Marcus
317 2704 380 2745 qui
404 2705 530 2745 postea
562 2705 773 2746 imperavit,
805 2714 884 2736 cum
906 2706 1178 2746 provinciarum
1202 2704 1300 2737 tituli
1319 2703 1481 2747 plerique
1505 2701 1563 2745 (ut
1584 2704 1692 2735 etiam
1714 2702 1852 2735 nummi

143 2761 343 2793 civitatium
369 2758 605 2802 Graecarum,
638 2759 684 2799 cfi
709 2759 846 2792 Eclclzel
867 2760 898 2801 7,
922 2760 980 2803 69)
1006 2762 1040 2792 ei
1063 2761 1201 2794 addant
1224 2769 1417 2803 cognomen
1442 2759 1538 2799 Veri,
1563 2758 1659 2802 quod
1682 2759 1806 2791 habuit
1829 2768 1851 2791 a

140 2820 244 2859 patre
268 2815 433 2849 naturali
456 2815 503 2849 M.
529 2817 649 2849 Annio
675 2815 713 2849 V
710 2825 791 2856 cro5
822 2818 974 2848 ceterum
1005 2819 1111 2849 etiam
1141 2818 1203 2849 ubi
1225 2818 1320 2849 inter
1343 2818 1444 2848 testes
1466 2817 1670 2847 recensetur
1692 2816 1852 2847 senatus-

142 2872 297 2905 consulti
320 2873 473 2905 alieuius
494 2871 588 2911 facti
611 2872 674 2904 sub
700 2872 762 2904 Pio
789 2871 864 2914 (ΙΙΙ
886 2871 921 2906 S.
946 2871 1058 2916 7060),
1082 2876 1133 2904 est
1155 2871 1199 2905 M.
1221 2871 1339 2905 Aelius
1362 2870 1442 2914 imp.
1467 2869 1535 2903 Titi
1560 2869 1636 2903 Aeli
1659 2869 1852 2910 [Hadriani

141 2928 322 2969 Athonini
348 2928 370 2961 f.
396 2927 478 2971 Pap.
502 2927 660 2961 Aurelius
685 2926 804 2961 Verus.
838 2945 883 2951 —-
917 2928 949 2969 2)
977 2928 1106 2961 Consul
1136 2927 1213 2967 fuit
1234 2928 1378 2961 Marcus
1408 2938 1441 2960 a.
1464 2926 1536 2966 440,
1565 2928 1694 2958 iterum
1719 2935 1750 2960 a.
1775 2925 1850 2958 445.

142 3002 183 3008 —-
211 2984 244 3021 3)
269 2984 420 3016 Decreta
446 2984 678 3016 decurionum
697 2982 850 3025 publice.
