<?xml version="1.0" encoding="UTF-8"?>
<!DOCTYPE html PUBLIC "-//W3C//DTD XHTML 1.0 Transitional//EN"
    "http://www.w3.org/TR/xhtml1/DTD/xhtml1-transitional.dtd">
<html xmlns="http://www.w3.org/1999/xhtml" xml:lang="en" lang="en">
 <head>
  <title>
</title>
<meta http-equiv="Content-Type" content="text/html;charset=utf-8" />
  <meta name='ocr-system' content='tesseract 3.04.00' />
  <meta name='ocr-capabilities' content='ocr_page ocr_carea ocr_par ocr_line ocrx_word'/>
</head>
<body>
  <div class='ocr_page' id='page_1' title='image "./inscriptioneslat01dessuoft_0039.png"; bbox 0 0 1968 3268; ppageno 0'>
   <div class='ocr_carea' id='block_1_1' title="bbox 446 133 1757 181">
    <p class='ocr_par' dir='ltr' id='par_1_1' title="bbox 446 133 1757 181">
     <span class='ocr_line' id='line_1_1' title="bbox 446 133 1757 181; baseline 0.005 -13"><span class='ocrx_word' id='word_1_1' title='bbox 446 133 561 170; x_wconf 86' lang='lat' dir='ltr'><strong>Tituli</strong></span> <span class='ocrx_word' id='word_1_2' title='bbox 584 134 845 181; x_wconf 80' lang='lat' dir='ltr'><strong>imperatorum</strong></span> <span class='ocrx_word' id='word_1_3' title='bbox 869 135 1070 180; x_wconf 81' lang='lat' dir='ltr'><strong>domusque</strong></span> <span class='ocrx_word' id='word_1_4' title='bbox 1092 135 1363 181; x_wconf 70' lang='lat' dir='ltr'><strong>imperatoriae.</strong></span> <span class='ocrx_word' id='word_1_5' title='bbox 1705 136 1757 175; x_wconf 83' lang='lat'><strong>27</strong></span> 
     </span>
    </p>
   </div>
   <div class='ocr_carea' id='block_1_2' title="bbox 47 246 1761 375">
    <p class='ocr_par' dir='ltr' id='par_1_2' title="bbox 47 246 1761 375">
     <span class='ocr_line' id='line_1_2' title="bbox 163 246 1761 305; baseline 0.003 -15"><span class='ocrx_word' id='word_1_6' title='bbox 163 246 220 294; x_wconf 70' lang='grc'><strong>99</strong></span> <span class='ocrx_word' id='word_1_7' title='bbox 267 248 432 290; x_wconf 79' lang='lat' dir='ltr'>Laribus</span> <span class='ocrx_word' id='word_1_8' title='bbox 460 249 634 302; x_wconf 82' lang='lat' dir='ltr'><strong>publicis</strong></span> <span class='ocrx_word' id='word_1_9' title='bbox 663 262 818 292; x_wconf 87' lang='lat' dir='ltr'><strong>sacrum</strong></span> <span class='ocrx_word' id='word_1_10' title='bbox 843 250 851 305; x_wconf 98' lang='grc' dir='ltr'>Ι</span> <span class='ocrx_word' id='word_1_11' title='bbox 876 251 971 304; x_wconf 88' lang='lat' dir='ltr'><strong>imp.</strong></span> <span class='ocrx_word' id='word_1_12' title='bbox 1003 251 1143 292; x_wconf 88' lang='lat' dir='ltr'><strong>Caesar</strong></span> <span class='ocrx_word' id='word_1_13' title='bbox 1167 247 1367 304; x_wconf 79' lang='lat' dir='ltr'><strong>Augustus</strong></span> <span class='ocrx_word' id='word_1_14' title='bbox 1392 251 1399 304; x_wconf 89' lang='grc' dir='ltr'>Ι</span> <span class='ocrx_word' id='word_1_15' title='bbox 1426 253 1605 305; x_wconf 82' lang='lat' dir='ltr'><strong>pontifex</strong></span> <span class='ocrx_word' id='word_1_16' title='bbox 1634 255 1761 295; x_wconf 83' lang='lat' dir='ltr'><strong>maxi-</strong></span> 
     </span>
     <span class='ocr_line' id='line_1_3' title="bbox 47 316 1760 375; baseline 0.001 -15"><span class='ocrx_word' id='word_1_17' title='bbox 47 331 149 369; x_wconf 74' lang='lat' dir='ltr'><strong>mus,</strong></span> <span class='ocrx_word' id='word_1_18' title='bbox 174 317 183 372; x_wconf 97' lang='grc' dir='ltr'>Ι</span> <span class='ocrx_word' id='word_1_19' title='bbox 209 316 396 359; x_wconf 84' lang='lat' dir='ltr'><strong>tribunie.</strong></span> <span class='ocrx_word' id='word_1_20' title='bbox 417 324 600 369; x_wconf 84' lang='lat' dir='ltr'><strong>potestat.</strong></span> <span class='ocrx_word' id='word_1_21' title='bbox 625 318 766 359; x_wconf 90' lang='lat' dir='ltr'>XVIIII</span> <span class='ocrx_word' id='word_1_22' title='bbox 776 319 801 368; x_wconf 90' lang='lat'><strong>¹,</strong></span> <span class='ocrx_word' id='word_1_23' title='bbox 828 318 836 372; x_wconf 99' lang='grc' dir='ltr'>Ι</span> <span class='ocrx_word' id='word_1_24' title='bbox 861 331 908 359; x_wconf 82' lang='lat' dir='ltr'><strong>ex</strong></span> <span class='ocrx_word' id='word_1_25' title='bbox 933 320 1047 372; x_wconf 85' lang='lat' dir='ltr'><strong>stipe,</strong></span> <span class='ocrx_word' id='word_1_26' title='bbox 1077 332 1195 372; x_wconf 91' lang='lat' dir='ltr'><strong>quam</strong></span> <span class='ocrx_word' id='word_1_27' title='bbox 1226 321 1398 373; x_wconf 85' lang='lat' dir='ltr'><strong>populus</strong></span> <span class='ocrx_word' id='word_1_28' title='bbox 1428 321 1464 360; x_wconf 85' lang='lat' dir='ltr'><strong>ei</strong></span> <span class='ocrx_word' id='word_1_29' title='bbox 1489 319 1497 375; x_wconf 96' lang='grc' dir='ltr'>Ι</span> <span class='ocrx_word' id='word_1_30' title='bbox 1521 321 1690 362; x_wconf 82' lang='lat' dir='ltr'><strong>eontulit</strong></span> <span class='ocrx_word' id='word_1_31' title='bbox 1720 322 1760 362; x_wconf 80' lang='lat' dir='ltr'><strong>k.</strong></span> 
     </span>
    </p>
   </div>
   <div class='ocr_carea' id='block_1_3' title="bbox 47 385 1757 612">
    <p class='ocr_par' dir='ltr' id='par_1_3' title="bbox 48 385 1403 438">
     <span class='ocr_line' id='line_1_4' title="bbox 48 385 1403 438; baseline 0.001 -10"><span class='ocrx_word' id='word_1_32' title='bbox 48 388 203 428; x_wconf 88' lang='lat' dir='ltr'><strong>Ianuar.</strong></span> <span class='ocrx_word' id='word_1_33' title='bbox 232 385 387 438; x_wconf 79' lang='lat' dir='ltr'><strong>apsenti</strong></span> <span class='ocrx_word' id='word_1_34' title='bbox 414 385 421 438; x_wconf 94' lang='grc' dir='ltr'>Ι</span> <span class='ocrx_word' id='word_1_35' title='bbox 449 385 488 425; x_wconf 96' lang='lat' dir='ltr'><strong>C.</strong></span> <span class='ocrx_word' id='word_1_36' title='bbox 511 385 673 427; x_wconf 86' lang='lat' dir='ltr'><strong>Calvisio</strong></span> <span class='ocrx_word' id='word_1_37' title='bbox 706 387 855 427; x_wconf 85' lang='lat' dir='ltr'><strong>Sabino</strong></span> <span class='ocrx_word' id='word_1_38' title='bbox 884 387 929 427; x_wconf 87' lang='lat' dir='ltr'><strong>L.</strong></span> <span class='ocrx_word' id='word_1_39' title='bbox 950 387 1138 428; x_wconf 81' lang='lat' dir='ltr'>Passieno</span> <span class='ocrx_word' id='word_1_40' title='bbox 1169 388 1273 429; x_wconf 81' lang='lat' dir='ltr'><strong>Ruso</strong></span> <span class='ocrx_word' id='word_1_41' title='bbox 1304 388 1403 429; x_wconf 80' lang='lat' dir='ltr'><strong>cos-²</strong></span> 
     </span>
    </p>

    <p class='ocr_par' dir='ltr' id='par_1_4' title="bbox 47 451 1757 612">
     <span class='ocr_line' id='line_1_5' title="bbox 162 451 1756 499; baseline 0.003 -13"><span class='ocrx_word' id='word_1_42' title='bbox 162 452 293 486; x_wconf 80' lang='lat' dir='ltr'><strong>Romae</strong></span> <span class='ocrx_word' id='word_1_43' title='bbox 327 453 422 484; x_wconf 80' lang='lat' dir='ltr'><strong>basis</strong></span> <span class='ocrx_word' id='word_1_44' title='bbox 457 463 530 495; x_wconf 90' lang='lat' dir='ltr'><strong>rep.</strong></span> <span class='ocrx_word' id='word_1_45' title='bbox 562 454 603 485; x_wconf 84' lang='lat' dir='ltr'><strong>in</strong></span> <span class='ocrx_word' id='word_1_46' title='bbox 638 451 723 492; x_wconf 76' lang='lat' dir='ltr'><strong>foro</strong></span> <span class='ocrx_word' id='word_1_47' title='bbox 757 455 821 486; x_wconf 79' lang='lat' dir='ltr'><strong>sub</strong></span> <span class='ocrx_word' id='word_1_48' title='bbox 855 457 976 487; x_wconf 83' lang='lat' dir='ltr'><strong>monte</strong></span> <span class='ocrx_word' id='word_1_49' title='bbox 1007 454 1184 498; x_wconf 83' lang='lat' dir='ltr'><strong>Palatino,</strong></span> <span class='ocrx_word' id='word_1_50' title='bbox 1220 458 1270 488; x_wconf 87' lang='lat' dir='ltr'><strong>est</strong></span> <span class='ocrx_word' id='word_1_51' title='bbox 1301 454 1458 499; x_wconf 85' lang='lat' dir='ltr'><strong>Neapoli</strong></span> <span class='ocrx_word' id='word_1_52' title='bbox 1491 455 1564 497; x_wconf 85' lang='lat' dir='ltr'><strong>(VJ</strong></span> <span class='ocrx_word' id='word_1_53' title='bbox 1586 457 1680 498; x_wconf 73' lang='grc'><strong><em>456).</em></strong></span> <span class='ocrx_word' id='word_1_54' title='bbox 1713 474 1756 481; x_wconf 89' lang='grc'><strong>-</strong></span> 
     </span>
     <span class='ocr_line' id='line_1_6' title="bbox 52 508 1757 555; baseline 0.001 -11"><span class='ocrx_word' id='word_1_55' title='bbox 52 512 84 552; x_wconf 84' lang='grc'><strong><em>1)</em></strong></span> <span class='ocrx_word' id='word_1_56' title='bbox 107 511 151 544; x_wconf 92' lang='lat' dir='ltr'><strong>A.</strong></span> <span class='ocrx_word' id='word_1_57' title='bbox 170 508 280 555; x_wconf 72' lang='grc'><strong><em>75011.</em></strong></span> <span class='ocrx_word' id='word_1_58' title='bbox 305 528 342 533; x_wconf 84' lang='grc'>-</span> <span class='ocrx_word' id='word_1_59' title='bbox 373 510 407 549; x_wconf 87' lang='grc'><strong>2)</strong></span> <span class='ocrx_word' id='word_1_60' title='bbox 431 509 474 542; x_wconf 87' lang='lat' dir='ltr'><strong>A.</strong></span> <span class='ocrx_word' id='word_1_61' title='bbox 490 510 565 542; x_wconf 96' lang='grc'><strong><em>750.</em></strong></span> <span class='ocrx_word' id='word_1_62' title='bbox 591 528 635 534; x_wconf 90' lang='lat'><strong>—-</strong></span> <span class='ocrx_word' id='word_1_63' title='bbox 659 508 746 542; x_wconf 85' lang='lat' dir='ltr'><strong>Noli</strong></span> <span class='ocrx_word' id='word_1_64' title='bbox 767 508 906 550; x_wconf 72' lang='lat' dir='ltr'><strong>resen-e</strong></span> <span class='ocrx_word' id='word_1_65' title='bbox 929 511 1021 543; x_wconf 75' lang='lat' dir='ltr'><strong>Itane</strong></span> <span class='ocrx_word' id='word_1_66' title='bbox 1045 512 1157 544; x_wconf 83' lang='lat' dir='ltr'><strong>basim</strong></span> <span class='ocrx_word' id='word_1_67' title='bbox 1182 511 1231 544; x_wconf 90' lang='lat' dir='ltr'><strong>ad</strong></span> <span class='ocrx_word' id='word_1_68' title='bbox 1253 510 1375 546; x_wconf 85' lang='lat' dir='ltr'><strong>aedem</strong></span> <span class='ocrx_word' id='word_1_69' title='bbox 1398 511 1533 546; x_wconf 81' lang='lat' dir='ltr'><strong>Larum</strong></span> <span class='ocrx_word' id='word_1_70' title='bbox 1556 514 1596 545; x_wconf 84' lang='lat' dir='ltr'><strong>in</strong></span> <span class='ocrx_word' id='word_1_71' title='bbox 1620 523 1757 546; x_wconf 83' lang='lat' dir='ltr'><strong>summa</strong></span> 
     </span>
     <span class='ocr_line' id='line_1_7' title="bbox 47 564 1198 612; baseline 0.002 -12"><span class='ocrx_word' id='word_1_72' title='bbox 47 576 153 600; x_wconf 88' lang='lat' dir='ltr'><strong>sacra</strong></span> <span class='ocrx_word' id='word_1_73' title='bbox 175 568 236 599; x_wconf 84' lang='lat' dir='ltr'><strong>via</strong></span> <span class='ocrx_word' id='word_1_74' title='bbox 258 564 395 606; x_wconf 76' lang='lat' dir='ltr'><strong>factum</strong></span> <span class='ocrx_word' id='word_1_75' title='bbox 419 567 464 598; x_wconf 80' lang='lat' dir='ltr'><strong>ab</strong></span> <span class='ocrx_word' id='word_1_76' title='bbox 488 566 656 608; x_wconf 79' lang='lat' dir='ltr'><strong>Augusto</strong></span> <span class='ocrx_word' id='word_1_77' title='bbox 682 566 768 606; x_wconf 79' lang='lat' dir='ltr'><strong>(Mo.</strong></span> <span class='ocrx_word' id='word_1_78' title='bbox 793 577 886 601; x_wconf 86' lang='lat' dir='ltr'><strong>mon.</strong></span> <span class='ocrx_word' id='word_1_79' title='bbox 912 568 1047 612; x_wconf 76' lang='lat' dir='ltr'><strong>Ancyr.</strong></span> <span class='ocrx_word' id='word_1_80' title='bbox 1069 578 1105 611; x_wconf 87' lang='lat' dir='ltr'><strong>p.</strong></span> <span class='ocrx_word' id='word_1_81' title='bbox 1122 569 1198 611; x_wconf 84' lang='lat'><strong>82).</strong></span> 
     </span>
    </p>
   </div>
   <div class='ocr_carea' id='block_1_4' title="bbox 162 676 1758 736">
    <p class='ocr_par' dir='ltr' id='par_1_5' title="bbox 162 676 1758 736">
     <span class='ocr_line' id='line_1_8' title="bbox 162 676 1758 736; baseline 0.002 -17"><span class='ocrx_word' id='word_1_82' title='bbox 162 678 249 724; x_wconf 74' lang='lat'><strong>1⁰⁰</strong></span> <span class='ocrx_word' id='word_1_83' title='bbox 291 679 409 720; x_wconf 87' lang='lat' dir='ltr'><strong>Pater</strong></span> <span class='ocrx_word' id='word_1_84' title='bbox 426 679 575 732; x_wconf 76' lang='lat' dir='ltr'><strong>patriae</strong></span> <span class='ocrx_word' id='word_1_85' title='bbox 599 676 606 732; x_wconf 97' lang='grc' dir='ltr'>Ι</span> <span class='ocrx_word' id='word_1_86' title='bbox 628 679 726 732; x_wconf 90' lang='lat' dir='ltr'><strong>Imp.</strong></span> <span class='ocrx_word' id='word_1_87' title='bbox 749 680 891 721; x_wconf 88' lang='lat' dir='ltr'><strong>Caesar</strong></span> <span class='ocrx_word' id='word_1_88' title='bbox 909 682 986 721; x_wconf 84' lang='lat' dir='ltr'><strong>divi</strong></span> <span class='ocrx_word' id='word_1_89' title='bbox 1008 683 1033 721; x_wconf 82' lang='lat' dir='ltr'><strong>f.</strong></span> <span class='ocrx_word' id='word_1_90' title='bbox 1053 680 1058 735; x_wconf 98' lang='grc' dir='ltr'>Ι</span> <span class='ocrx_word' id='word_1_91' title='bbox 1075 683 1275 734; x_wconf 82' lang='lat' dir='ltr'><strong>Augustus</strong></span> <span class='ocrx_word' id='word_1_92' title='bbox 1298 683 1477 735; x_wconf 84' lang='lat' dir='ltr'><strong>pontifex</strong></span> <span class='ocrx_word' id='word_1_93' title='bbox 1501 680 1509 736; x_wconf 98' lang='grc' dir='ltr'>Ι</span> <span class='ocrx_word' id='word_1_94' title='bbox 1534 693 1758 728; x_wconf 85' lang='lat' dir='ltr'><strong>maxumus,</strong></span> 
     </span>
    </p>
   </div>
   <div class='ocr_carea' id='block_1_5' title="bbox 44 745 1760 1196">
    <p class='ocr_par' dir='ltr' id='par_1_6' title="bbox 50 745 1758 806">
     <span class='ocr_line' id='line_1_9' title="bbox 50 745 1758 806; baseline 0.001 -17"><span class='ocrx_word' id='word_1_95' title='bbox 50 761 130 790; x_wconf 88' lang='lat' dir='ltr'><strong>eos.</strong></span> <span class='ocrx_word' id='word_1_96' title='bbox 161 747 246 796; x_wconf 86' lang='lat' dir='ltr'>XII,</span> <span class='ocrx_word' id='word_1_97' title='bbox 280 745 287 801; x_wconf 99' lang='grc' dir='ltr'>Ι</span> <span class='ocrx_word' id='word_1_98' title='bbox 313 759 393 788; x_wconf 85' lang='lat' dir='ltr'><strong>cos.</strong></span> <span class='ocrx_word' id='word_1_99' title='bbox 429 746 655 798; x_wconf 86' lang='lat' dir='ltr'><strong>designatus</strong></span> <span class='ocrx_word' id='word_1_100' title='bbox 685 747 788 795; x_wconf 87' lang='lat' dir='ltr'>XIII,</span> <span class='ocrx_word' id='word_1_101' title='bbox 815 747 823 802; x_wconf 96' lang='grc' dir='ltr'>Ι</span> <span class='ocrx_word' id='word_1_102' title='bbox 848 748 943 801; x_wconf 86' lang='lat' dir='ltr'><strong>imp.</strong></span> <span class='ocrx_word' id='word_1_103' title='bbox 972 748 1093 796; x_wconf 86' lang='lat' dir='ltr'>XIIII,</span> <span class='ocrx_word' id='word_1_104' title='bbox 1125 750 1312 790; x_wconf 87' lang='lat' dir='ltr'><strong>tribunic.</strong></span> <span class='ocrx_word' id='word_1_105' title='bbox 1338 749 1346 804; x_wconf 97' lang='grc' dir='ltr'>Ι</span> <span class='ocrx_word' id='word_1_106' title='bbox 1373 747 1583 806; x_wconf 84' lang='lat' dir='ltr'><strong>[p]otestat.</strong></span> <span class='ocrx_word' id='word_1_107' title='bbox 1614 746 1758 805; x_wconf 77' lang='grc' dir='ltr'><strong>ΧΧΙΙ]ι</strong></span> 
     </span>
    </p>

    <p class='ocr_par' dir='ltr' id='par_1_7' title="bbox 44 812 1760 1196">
     <span class='ocr_line' id='line_1_10' title="bbox 164 812 1758 860; baseline 0.002 -13"><span class='ocrx_word' id='word_1_108' title='bbox 164 813 247 857; x_wconf 78' lang='lat' dir='ltr'><strong>Rep.</strong></span> <span class='ocrx_word' id='word_1_109' title='bbox 270 814 389 856; x_wconf 79' lang='lat' dir='ltr'><strong>Aptae</strong></span> <span class='ocrx_word' id='word_1_110' title='bbox 413 812 526 846; x_wconf 84' lang='lat' dir='ltr'><strong>[uliae</strong></span> <span class='ocrx_word' id='word_1_111' title='bbox 552 823 655 856; x_wconf 84' lang='lat' dir='ltr'><strong>prov.</strong></span> <span class='ocrx_word' id='word_1_112' title='bbox 679 813 925 848; x_wconf 83' lang='lat' dir='ltr'><strong>Narbonensis</strong></span> <span class='ocrx_word' id='word_1_113' title='bbox 954 816 1077 855; x_wconf 78' lang='lat' dir='ltr'><strong>(hodie</strong></span> <span class='ocrx_word' id='word_1_114' title='bbox 1100 817 1208 859; x_wconf 88' lang='lat' dir='ltr'><strong>Apt),</strong></span> <span class='ocrx_word' id='word_1_115' title='bbox 1239 819 1290 849; x_wconf 88' lang='lat' dir='ltr'><strong>est</strong></span> <span class='ocrx_word' id='word_1_116' title='bbox 1312 818 1500 860; x_wconf 80' lang='lat' dir='ltr'><strong>Avignon,</strong></span> <span class='ocrx_word' id='word_1_117' title='bbox 1526 818 1684 859; x_wconf 86' lang='lat' dir='ltr'><strong>pertinet</strong></span> <span class='ocrx_word' id='word_1_118' title='bbox 1707 816 1758 850; x_wconf 88' lang='lat' dir='ltr'><strong>ad</strong></span> 
     </span>
     <span class='ocr_line' id='line_1_11' title="bbox 47 869 1756 916; baseline 0.001 -12"><span class='ocrx_word' id='word_1_119' title='bbox 47 873 143 904; x_wconf 72' lang='lat' dir='ltr'><strong>viam</strong></span> <span class='ocrx_word' id='word_1_120' title='bbox 159 881 230 914; x_wconf 84' lang='lat' dir='ltr'><strong>per</strong></span> <span class='ocrx_word' id='word_1_121' title='bbox 243 869 371 912; x_wconf 84' lang='lat' dir='ltr'><strong>Alpem</strong></span> <span class='ocrx_word' id='word_1_122' title='bbox 389 869 539 903; x_wconf 74' lang='lat' dir='ltr'><strong>Conium</strong></span> <span class='ocrx_word' id='word_1_123' title='bbox 555 870 702 903; x_wconf 80' lang='lat' dir='ltr'><strong>Arelate</strong></span> <span class='ocrx_word' id='word_1_124' title='bbox 729 872 911 904; x_wconf 86' lang='lat' dir='ltr'><strong>ducentem</strong></span> <span class='ocrx_word' id='word_1_125' title='bbox 936 871 1022 912; x_wconf 88' lang='lat' dir='ltr'><em>(XII</em></span> <span class='ocrx_word' id='word_1_126' title='bbox 1033 874 1120 906; x_wconf 79' lang='grc'><strong><em>5497</em></strong></span> <span class='ocrx_word' id='word_1_127' title='bbox 1144 873 1330 916; x_wconf 74' lang='lat' dir='ltr'><strong>descripsit</strong></span> <span class='ocrx_word' id='word_1_128' title='bbox 1353 871 1584 915; x_wconf 73' lang='lat' dir='ltr'><strong>Hirschfeld).</strong></span> <span class='ocrx_word' id='word_1_129' title='bbox 1620 872 1756 907; x_wconf 82' lang='lat' dir='ltr'><strong>Eadem</strong></span> 
     </span>
     <span class='ocr_line' id='line_1_12' title="bbox 49 924 1758 972; baseline 0.001 -12"><span class='ocrx_word' id='word_1_130' title='bbox 49 929 284 971; x_wconf 71' lang='lat' dir='ltr'><strong>inscriptione</strong></span> <span class='ocrx_word' id='word_1_131' title='bbox 308 927 478 968; x_wconf 83' lang='lat' dir='ltr'><strong>inscripti</strong></span> <span class='ocrx_word' id='word_1_132' title='bbox 502 929 587 959; x_wconf 85' lang='lat' dir='ltr'><strong>sunt</strong></span> <span class='ocrx_word' id='word_1_133' title='bbox 614 927 770 960; x_wconf 82' lang='lat' dir='ltr'><strong>aliarum</strong></span> <span class='ocrx_word' id='word_1_134' title='bbox 794 938 934 971; x_wconf 85' lang='lat' dir='ltr'><strong>quoque</strong></span> <span class='ocrx_word' id='word_1_135' title='bbox 956 930 1097 961; x_wconf 87' lang='lat' dir='ltr'><strong>viarum</strong></span> <span class='ocrx_word' id='word_1_136' title='bbox 1117 931 1330 972; x_wconf 88' lang='lat' dir='ltr'><strong>provinciae</strong></span> <span class='ocrx_word' id='word_1_137' title='bbox 1354 928 1599 963; x_wconf 79' lang='lat' dir='ltr'><strong>Narbonensis</strong></span> <span class='ocrx_word' id='word_1_138' title='bbox 1622 924 1758 972; x_wconf 79' lang='lat' dir='ltr'><strong>Iapides</strong></span> 
     </span>
     <span class='ocr_line' id='line_1_13' title="bbox 49 983 1760 1028; baseline 0.001 -12"><span class='ocrx_word' id='word_1_139' title='bbox 49 983 138 1024; x_wconf 81' lang='lat' dir='ltr'><strong><em>(XII</em></strong></span> <span class='ocrx_word' id='word_1_140' title='bbox 154 984 399 1016; x_wconf 63' lang='lat' dir='ltr'><strong>awo—5484.</strong></span> <span class='ocrx_word' id='word_1_141' title='bbox 422 983 510 1016; x_wconf 74' lang='grc'><strong><em>5487</em></strong></span> <span class='ocrx_word' id='word_1_142' title='bbox 519 984 667 1017; x_wconf 77' lang='grc'><strong><em>-5489,</em></strong></span> <span class='ocrx_word' id='word_1_143' title='bbox 696 986 812 1027; x_wconf 84' lang='grc'><strong><em>5500.)</em></strong></span> <span class='ocrx_word' id='word_1_144' title='bbox 849 1004 894 1009; x_wconf 82' lang='lat'><strong>-—</strong></span> <span class='ocrx_word' id='word_1_145' title='bbox 928 987 960 1027; x_wconf 84' lang='grc'><strong><em>1)</em></strong></span> <span class='ocrx_word' id='word_1_146' title='bbox 989 984 1168 1018; x_wconf 83' lang='lat' dir='ltr'><strong>Numerus</strong></span> <span class='ocrx_word' id='word_1_147' title='bbox 1199 986 1369 1026; x_wconf 77' lang='lat' dir='ltr'><strong>fimatur</strong></span> <span class='ocrx_word' id='word_1_148' title='bbox 1397 986 1547 1028; x_wconf 83' lang='lat' dir='ltr'><strong>reliquis</strong></span> <span class='ocrx_word' id='word_1_149' title='bbox 1578 985 1760 1028; x_wconf 78' lang='lat' dir='ltr'><strong>lapidibus</strong></span> 
     </span>
     <span class='ocr_line' id='line_1_14' title="bbox 46 1039 1757 1084; baseline 0.002 -12"><span class='ocrx_word' id='word_1_150' title='bbox 46 1049 159 1082; x_wconf 79' lang='lat' dir='ltr'><strong>supra</strong></span> <span class='ocrx_word' id='word_1_151' title='bbox 181 1041 314 1073; x_wconf 83' lang='lat' dir='ltr'><strong>citatis.</strong></span> <span class='ocrx_word' id='word_1_152' title='bbox 341 1058 383 1063; x_wconf 92' lang='lat'>—</span> <span class='ocrx_word' id='word_1_153' title='bbox 411 1039 552 1072; x_wconf 86' lang='lat' dir='ltr'><strong>Titulus</strong></span> <span class='ocrx_word' id='word_1_154' title='bbox 570 1044 711 1082; x_wconf 81' lang='lat' dir='ltr'><strong>positus</strong></span> <span class='ocrx_word' id='word_1_155' title='bbox 733 1042 888 1076; x_wconf 87' lang='lat' dir='ltr'><strong>secundo</strong></span> <span class='ocrx_word' id='word_1_156' title='bbox 920 1044 1104 1074; x_wconf 80' lang='lat' dir='ltr'><strong>semenstri</strong></span> <span class='ocrx_word' id='word_1_157' title='bbox 1128 1053 1161 1075; x_wconf 90' lang='lat' dir='ltr'><strong>a.</strong></span> <span class='ocrx_word' id='word_1_158' title='bbox 1184 1042 1266 1083; x_wconf 88' lang='grc'><strong><em>751,</em></strong></span> <span class='ocrx_word' id='word_1_159' title='bbox 1294 1044 1459 1084; x_wconf 82' lang='lat' dir='ltr'><strong>Augusto</strong></span> <span class='ocrx_word' id='word_1_160' title='bbox 1491 1043 1634 1075; x_wconf 84' lang='lat' dir='ltr'><strong>consule</strong></span> <span class='ocrx_word' id='word_1_161' title='bbox 1666 1042 1757 1075; x_wconf 82' lang='lat' dir='ltr'><strong>desi-</strong></span> 
     </span>
     <span class='ocr_line' id='line_1_15' title="bbox 44 1095 1756 1142; baseline 0.001 -13"><span class='ocrx_word' id='word_1_162' title='bbox 44 1099 158 1140; x_wconf 76' lang='lat' dir='ltr'><strong>gnato</strong></span> <span class='ocrx_word' id='word_1_163' title='bbox 183 1095 357 1129; x_wconf 65' lang='lat' dir='ltr'><strong>det-imm</strong></span> <span class='ocrx_word' id='word_1_164' title='bbox 381 1097 538 1138; x_wconf 83' lang='lat' dir='ltr'><strong>tertium,</strong></span> <span class='ocrx_word' id='word_1_165' title='bbox 560 1096 601 1129; x_wconf 85' lang='lat' dir='ltr'><strong>id</strong></span> <span class='ocrx_word' id='word_1_166' title='bbox 624 1099 677 1128; x_wconf 85' lang='lat' dir='ltr'><strong>est</strong></span> <span class='ocrx_word' id='word_1_167' title='bbox 696 1098 735 1128; x_wconf 87' lang='lat' dir='ltr'><strong>in</strong></span> <span class='ocrx_word' id='word_1_168' title='bbox 752 1106 784 1129; x_wconf 89' lang='grc' dir='ltr'><strong>α.</strong></span> <span class='ocrx_word' id='word_1_169' title='bbox 801 1096 880 1131; x_wconf 88' lang='grc'><strong><em>752.</em></strong></span> <span class='ocrx_word' id='word_1_170' title='bbox 920 1097 1020 1131; x_wconf 85' lang='lat' dir='ltr'><strong>Pater</strong></span> <span class='ocrx_word' id='word_1_171' title='bbox 1039 1098 1170 1142; x_wconf 78' lang='lat' dir='ltr'><strong>patriae</strong></span> <span class='ocrx_word' id='word_1_172' title='bbox 1180 1101 1306 1141; x_wconf 83' lang='lat' dir='ltr'><strong>postea</strong></span> <span class='ocrx_word' id='word_1_173' title='bbox 1322 1099 1512 1140; x_wconf 82' lang='lat' dir='ltr'><strong>adiectum,</strong></span> <span class='ocrx_word' id='word_1_174' title='bbox 1536 1108 1615 1131; x_wconf 90' lang='lat' dir='ltr'><strong>cum</strong></span> <span class='ocrx_word' id='word_1_175' title='bbox 1631 1098 1756 1141; x_wconf 77' lang='lat' dir='ltr'><strong>Augu-</strong></span> 
     </span>
     <span class='ocr_line' id='line_1_16' title="bbox 45 1151 1206 1196; baseline 0.003 -10"><span class='ocrx_word' id='word_1_176' title='bbox 45 1156 121 1186; x_wconf 81' lang='lat' dir='ltr'><strong>stus</strong></span> <span class='ocrx_word' id='word_1_177' title='bbox 143 1154 237 1186; x_wconf 70' lang='lat' dir='ltr'><strong>Itane</strong></span> <span class='ocrx_word' id='word_1_178' title='bbox 259 1151 535 1195; x_wconf 76' lang='lat' dir='ltr'><strong>appellationem</strong></span> <span class='ocrx_word' id='word_1_179' title='bbox 558 1154 735 1195; x_wconf 81' lang='lat' dir='ltr'><strong>reciperet</strong></span> <span class='ocrx_word' id='word_1_180' title='bbox 758 1163 790 1187; x_wconf 84' lang='lat' dir='ltr'><strong>a.</strong></span> <span class='ocrx_word' id='word_1_181' title='bbox 813 1153 880 1187; x_wconf 90' lang='grc'><strong>752</strong></span> <span class='ocrx_word' id='word_1_182' title='bbox 906 1153 969 1194; x_wconf 80' lang='lat' dir='ltr'><strong>(cf.</strong></span> <span class='ocrx_word' id='word_1_183' title='bbox 994 1155 1044 1187; x_wconf 91' lang='lat' dir='ltr'><strong>ad</strong></span> <span class='ocrx_word' id='word_1_184' title='bbox 1065 1154 1110 1188; x_wconf 88' lang='grc' dir='ltr'><strong>Ν.</strong></span> <span class='ocrx_word' id='word_1_185' title='bbox 1133 1155 1206 1196; x_wconf 87' lang='grc'><strong><em>96).</em></strong></span> 
     </span>
    </p>
   </div>
   <div class='ocr_carea' id='block_1_6' title="bbox 24 1250 1757 1476">
    <p class='ocr_par' dir='ltr' id='par_1_8' title="bbox 162 1250 1133 1308">
     <span class='ocr_line' id='line_1_17' title="bbox 162 1250 1133 1308; baseline 0.002 -16"><span class='ocrx_word' id='word_1_186' title='bbox 162 1250 246 1297; x_wconf 78' lang='grc'><strong>101</strong></span> <span class='ocrx_word' id='word_1_187' title='bbox 291 1253 384 1305; x_wconf 88' lang='lat' dir='ltr'><strong>imp.</strong></span> <span class='ocrx_word' id='word_1_188' title='bbox 416 1253 567 1293; x_wconf 82' lang='lat' dir='ltr'><strong>Caesari</strong></span> <span class='ocrx_word' id='word_1_189' title='bbox 596 1255 602 1304; x_wconf 92' lang='grc' dir='ltr'>Ι</span> <span class='ocrx_word' id='word_1_190' title='bbox 629 1255 727 1305; x_wconf 85' lang='lat' dir='ltr'>Aug.</span> <span class='ocrx_word' id='word_1_191' title='bbox 754 1252 762 1308; x_wconf 96' lang='grc' dir='ltr'>Ι</span> <span class='ocrx_word' id='word_1_192' title='bbox 787 1255 941 1306; x_wconf 88' lang='lat' dir='ltr'><strong>parenti</strong></span> <span class='ocrx_word' id='word_1_193' title='bbox 971 1255 1133 1307; x_wconf 76' lang='lat' dir='ltr'><strong>patriae.</strong></span> 
     </span>
    </p>

    <p class='ocr_par' dir='ltr' id='par_1_9' title="bbox 24 1319 1757 1476">
     <span class='ocr_line' id='line_1_18' title="bbox 160 1319 1757 1364; baseline 0.002 -12"><span class='ocrx_word' id='word_1_194' title='bbox 160 1319 274 1362; x_wconf 85' lang='lat' dir='ltr'><strong>Prope</strong></span> <span class='ocrx_word' id='word_1_195' title='bbox 288 1319 518 1353; x_wconf 75' lang='lat' dir='ltr'><strong>Antiochiam</strong></span> <span class='ocrx_word' id='word_1_196' title='bbox 536 1320 693 1352; x_wconf 78' lang='lat' dir='ltr'><strong>Pisidiae</strong></span> <span class='ocrx_word' id='word_1_197' title='bbox 711 1321 784 1360; x_wconf 90' lang='lat' dir='ltr'><em>(III</em></span> <span class='ocrx_word' id='word_1_198' title='bbox 794 1321 909 1363; x_wconf 80' lang='lat' dir='ltr'><strong>suppl.</strong></span> <span class='ocrx_word' id='word_1_199' title='bbox 920 1322 1039 1364; x_wconf 80' lang='grc'><strong><em>6805),</em></strong></span> <span class='ocrx_word' id='word_1_200' title='bbox 1075 1323 1222 1355; x_wconf 81' lang='lat' dir='ltr'><strong>Patriae</strong></span> <span class='ocrx_word' id='word_1_201' title='bbox 1234 1332 1366 1364; x_wconf 85' lang='lat' dir='ltr'><strong>parens</strong></span> <span class='ocrx_word' id='word_1_202' title='bbox 1383 1332 1461 1355; x_wconf 82' lang='lat' dir='ltr'><strong>cum</strong></span> <span class='ocrx_word' id='word_1_203' title='bbox 1478 1322 1617 1355; x_wconf 85' lang='lat' dir='ltr'><strong>dicitur</strong></span> <span class='ocrx_word' id='word_1_204' title='bbox 1632 1322 1757 1364; x_wconf 73' lang='lat' dir='ltr'><strong>Augu-</strong></span> 
     </span>
     <span class='ocr_line' id='line_1_19' title="bbox 45 1376 1757 1421; baseline 0.002 -13"><span class='ocrx_word' id='word_1_205' title='bbox 45 1379 132 1417; x_wconf 77' lang='lat' dir='ltr'><strong>stus,</strong></span> <span class='ocrx_word' id='word_1_206' title='bbox 154 1386 229 1409; x_wconf 84' lang='lat' dir='ltr'><strong>non</strong></span> <span class='ocrx_word' id='word_1_207' title='bbox 249 1378 364 1419; x_wconf 79' lang='lat' dir='ltr'><strong>pater,</strong></span> <span class='ocrx_word' id='word_1_208' title='bbox 387 1376 530 1409; x_wconf 75' lang='lat' dir='ltr'><strong>videtur</strong></span> <span class='ocrx_word' id='word_1_209' title='bbox 554 1377 682 1409; x_wconf 85' lang='lat' dir='ltr'><strong>titulus</strong></span> <span class='ocrx_word' id='word_1_210' title='bbox 704 1379 859 1420; x_wconf 79' lang='lat' dir='ltr'><strong>scriptus</strong></span> <span class='ocrx_word' id='word_1_211' title='bbox 883 1380 968 1410; x_wconf 85' lang='lat' dir='ltr'><strong>ante</strong></span> <span class='ocrx_word' id='word_1_212' title='bbox 985 1388 1118 1410; x_wconf 81' lang='lat' dir='ltr'><strong>annum</strong></span> <span class='ocrx_word' id='word_1_213' title='bbox 1135 1378 1213 1418; x_wconf 84' lang='grc'><strong><em>752,</em></strong></span> <span class='ocrx_word' id='word_1_214' title='bbox 1240 1389 1308 1421; x_wconf 87' lang='lat' dir='ltr'><strong>quo</strong></span> <span class='ocrx_word' id='word_1_215' title='bbox 1330 1380 1449 1421; x_wconf 78' lang='lat' dir='ltr'><strong>patris</strong></span> <span class='ocrx_word' id='word_1_216' title='bbox 1468 1380 1614 1421; x_wconf 82' lang='lat' dir='ltr'><strong>patriae</strong></span> <span class='ocrx_word' id='word_1_217' title='bbox 1638 1378 1757 1421; x_wconf 86' lang='lat' dir='ltr'><strong>appel-</strong></span> 
     </span>
     <span class='ocr_line' id='line_1_20' title="bbox 24 1432 1090 1476; baseline 0.004 -11"><span class='ocrx_word' id='word_1_218' title='bbox 24 1471 27 1473; x_wconf 87' lang='lat'><strong>.</strong></span> <span class='ocrx_word' id='word_1_219' title='bbox 49 1432 216 1466; x_wconf 76' lang='lat' dir='ltr'><strong>lationem</strong></span> <span class='ocrx_word' id='word_1_220' title='bbox 238 1432 439 1466; x_wconf 80' lang='lat' dir='ltr'><strong>sollemnem</strong></span> <span class='ocrx_word' id='word_1_221' title='bbox 462 1435 597 1476; x_wconf 85' lang='lat' dir='ltr'><strong>recepit</strong></span> <span class='ocrx_word' id='word_1_222' title='bbox 620 1432 685 1473; x_wconf 77' lang='lat' dir='ltr'><strong>(cf.</strong></span> <span class='ocrx_word' id='word_1_223' title='bbox 709 1433 778 1467; x_wconf 90' lang='lat' dir='ltr'><strong>Mo.</strong></span> <span class='ocrx_word' id='word_1_224' title='bbox 803 1434 853 1467; x_wconf 88' lang='lat' dir='ltr'><strong>ad</strong></span> <span class='ocrx_word' id='word_1_225' title='bbox 876 1433 910 1468; x_wconf 83' lang='lat' dir='ltr'><strong>C.</strong></span> <span class='ocrx_word' id='word_1_226' title='bbox 936 1434 971 1467; x_wconf 85' lang='lat' dir='ltr'><em>X</em></span> <span class='ocrx_word' id='word_1_227' title='bbox 989 1435 1090 1476; x_wconf 86' lang='grc'><strong><em>825).</em></strong></span> 
     </span>
    </p>
   </div>
   <div class='ocr_carea' id='block_1_7' title="bbox 163 1543 1757 1600">
    <p class='ocr_par' dir='ltr' id='par_1_10' title="bbox 163 1543 1757 1600">
     <span class='ocr_line' id='line_1_21' title="bbox 163 1543 1757 1600; baseline 0.001 -16"><span class='ocrx_word' id='word_1_228' title='bbox 163 1543 247 1590; x_wconf 67' lang='grc'><strong>102</strong></span> <span class='ocrx_word' id='word_1_229' title='bbox 274 1545 367 1597; x_wconf 89' lang='lat' dir='ltr'><strong>imp.</strong></span> <span class='ocrx_word' id='word_1_230' title='bbox 390 1545 530 1585; x_wconf 85' lang='lat' dir='ltr'><strong>Caesar</strong></span> <span class='ocrx_word' id='word_1_231' title='bbox 549 1546 627 1585; x_wconf 84' lang='lat' dir='ltr'><strong>divi</strong></span> <span class='ocrx_word' id='word_1_232' title='bbox 652 1547 678 1585; x_wconf 85' lang='lat' dir='ltr'><strong>f.</strong></span> <span class='ocrx_word' id='word_1_233' title='bbox 697 1543 703 1597; x_wconf 97' lang='grc' dir='ltr'>Ι</span> <span class='ocrx_word' id='word_1_234' title='bbox 720 1549 922 1599; x_wconf 77' lang='lat' dir='ltr'><strong>Augustus</strong></span> <span class='ocrx_word' id='word_1_235' title='bbox 943 1560 1022 1588; x_wconf 86' lang='lat' dir='ltr'><strong>cos.</strong></span> <span class='ocrx_word' id='word_1_236' title='bbox 1045 1547 1148 1595; x_wconf 89' lang='lat' dir='ltr'>XIII,</span> <span class='ocrx_word' id='word_1_237' title='bbox 1172 1548 1264 1587; x_wconf 87' lang='lat' dir='ltr'><strong>trib.</strong></span> <span class='ocrx_word' id='word_1_238' title='bbox 1292 1551 1298 1598; x_wconf 91' lang='grc' dir='ltr'>Ι</span> <span class='ocrx_word' id='word_1_239' title='bbox 1324 1554 1467 1600; x_wconf 86' lang='lat' dir='ltr'><strong>potest.</strong></span> <span class='ocrx_word' id='word_1_240' title='bbox 1489 1547 1590 1595; x_wconf 87' lang='lat' dir='ltr'>XXI,</span> <span class='ocrx_word' id='word_1_241' title='bbox 1611 1548 1757 1600; x_wconf 80' lang='lat' dir='ltr'><strong>pontif.</strong></span> 
     </span>
    </p>
   </div>
   <div class='ocr_carea' id='block_1_8' title="bbox 3 1612 1759 1835">
    <p class='ocr_par' dir='ltr' id='par_1_11' title="bbox 3 1612 1759 1835">
     <span class='ocr_line' id='line_1_22' title="bbox 47 1612 1350 1669; baseline 0.002 -16"><span class='ocrx_word' id='word_1_242' title='bbox 47 1625 162 1661; x_wconf 66' lang='lat' dir='ltr'><strong>max„</strong></span> <span class='ocrx_word' id='word_1_243' title='bbox 189 1612 196 1666; x_wconf 96' lang='grc' dir='ltr'>Ι</span> <span class='ocrx_word' id='word_1_244' title='bbox 221 1615 244 1652; x_wconf 81' lang='lat' dir='ltr'><strong>a</strong></span> <span class='ocrx_word' id='word_1_245' title='bbox 274 1612 393 1652; x_wconf 86' lang='lat' dir='ltr'><strong>Baete</strong></span> <span class='ocrx_word' id='word_1_246' title='bbox 423 1619 462 1652; x_wconf 89' lang='lat' dir='ltr'><strong>et</strong></span> <span class='ocrx_word' id='word_1_247' title='bbox 492 1612 587 1652; x_wconf 90' lang='lat' dir='ltr'><strong>Iano</strong></span> <span class='ocrx_word' id='word_1_248' title='bbox 618 1615 782 1663; x_wconf 85' lang='lat' dir='ltr'><strong>August.</strong></span> <span class='ocrx_word' id='word_1_249' title='bbox 809 1614 816 1666; x_wconf 95' lang='grc' dir='ltr'>Ι</span> <span class='ocrx_word' id='word_1_250' title='bbox 842 1614 889 1653; x_wconf 91' lang='lat' dir='ltr'><strong>ad</strong></span> <span class='ocrx_word' id='word_1_251' title='bbox 921 1615 1137 1655; x_wconf 81' lang='lat' dir='ltr'><strong>Oceanum.</strong></span> <span class='ocrx_word' id='word_1_252' title='bbox 1171 1614 1176 1669; x_wconf 93' lang='grc' dir='ltr'>Ι</span> <span class='ocrx_word' id='word_1_253' title='bbox 1218 1614 1350 1655; x_wconf 68' lang='lat' dir='ltr'><strong>ssxlfl</strong></span> 
     </span>
     <span class='ocr_line' id='line_1_23' title="bbox 162 1678 1759 1724; baseline 0.002 -13"><span class='ocrx_word' id='word_1_254' title='bbox 162 1678 359 1721; x_wconf 80' lang='lat' dir='ltr'><strong>Cordubae,</strong></span> <span class='ocrx_word' id='word_1_255' title='bbox 386 1679 551 1712; x_wconf 81' lang='lat' dir='ltr'><strong>columna</strong></span> <span class='ocrx_word' id='word_1_256' title='bbox 575 1690 666 1722; x_wconf 84' lang='lat' dir='ltr'><strong>quae</strong></span> <span class='ocrx_word' id='word_1_257' title='bbox 690 1679 775 1712; x_wconf 83' lang='lat' dir='ltr'><strong>olim</strong></span> <span class='ocrx_word' id='word_1_258' title='bbox 798 1682 897 1712; x_wconf 84' lang='lat' dir='ltr'><strong>stetit</strong></span> <span class='ocrx_word' id='word_1_259' title='bbox 919 1681 968 1713; x_wconf 88' lang='lat' dir='ltr'><strong>ad</strong></span> <span class='ocrx_word' id='word_1_260' title='bbox 989 1682 1085 1714; x_wconf 83' lang='lat' dir='ltr'><strong>viam</strong></span> <span class='ocrx_word' id='word_1_261' title='bbox 1104 1683 1325 1724; x_wconf 73' lang='lat' dir='ltr'><strong>primarium</strong></span> <span class='ocrx_word' id='word_1_262' title='bbox 1343 1683 1556 1724; x_wconf 84' lang='lat' dir='ltr'><strong>provinciae</strong></span> <span class='ocrx_word' id='word_1_263' title='bbox 1578 1681 1759 1724; x_wconf 80' lang='lat' dir='ltr'><strong>Baeticae,</strong></span> 
     </span>
     <span class='ocr_line' id='line_1_24' title="bbox 46 1733 1757 1780; baseline 0.002 -13"><span class='ocrx_word' id='word_1_264' title='bbox 46 1745 70 1768; x_wconf 92' lang='lat' dir='ltr'><strong>a</strong></span> <span class='ocrx_word' id='word_1_265' title='bbox 92 1734 203 1768; x_wconf 81' lang='lat' dir='ltr'><strong>Baete</strong></span> <span class='ocrx_word' id='word_1_266' title='bbox 227 1733 341 1768; x_wconf 81' lang='lat' dir='ltr'><strong>Gades</strong></span> <span class='ocrx_word' id='word_1_267' title='bbox 371 1735 556 1768; x_wconf 80' lang='lat' dir='ltr'><strong>ducentem</strong></span> <span class='ocrx_word' id='word_1_268' title='bbox 581 1735 635 1775; x_wconf 88' lang='grc' dir='ltr'><strong>(ΙΙ</strong></span> <span class='ocrx_word' id='word_1_269' title='bbox 648 1737 762 1778; x_wconf 79' lang='grc'><strong><em>4701).</em></strong></span> <span class='ocrx_word' id='word_1_270' title='bbox 797 1756 836 1760; x_wconf 95' lang='grc'><strong>-</strong></span> <span class='ocrx_word' id='word_1_271' title='bbox 874 1738 907 1778; x_wconf 86' lang='grc'><strong><em>1)</em></strong></span> <span class='ocrx_word' id='word_1_272' title='bbox 933 1735 1074 1770; x_wconf 76' lang='lat' dir='ltr'><strong>Titulus</strong></span> <span class='ocrx_word' id='word_1_273' title='bbox 1093 1739 1235 1780; x_wconf 85' lang='lat' dir='ltr'><strong>positus</strong></span> <span class='ocrx_word' id='word_1_274' title='bbox 1258 1747 1290 1771; x_wconf 91' lang='lat' dir='ltr'><strong>a.</strong></span> <span class='ocrx_word' id='word_1_275' title='bbox 1313 1738 1399 1779; x_wconf 80' lang='grc'><strong><em>752,</em></strong></span> <span class='ocrx_word' id='word_1_276' title='bbox 1429 1740 1513 1771; x_wconf 85' lang='lat' dir='ltr'><strong>ante</strong></span> <span class='ocrx_word' id='word_1_277' title='bbox 1536 1737 1569 1771; x_wconf 86' lang='lat' dir='ltr'><strong>d.</strong></span> <span class='ocrx_word' id='word_1_278' title='bbox 1592 1739 1615 1770; x_wconf 86' lang='grc'><strong>5</strong></span> <span class='ocrx_word' id='word_1_279' title='bbox 1638 1737 1757 1780; x_wconf 68' lang='lat' dir='ltr'><strong>Febr„</strong></span> 
     </span>
     <span class='ocr_line' id='line_1_25' title="bbox 3 1790 1422 1835; baseline 0.004 -13"><span class='ocrx_word' id='word_1_280' title='bbox 3 1809 6 1812; x_wconf 87' lang='lat'><strong>·</strong></span> <span class='ocrx_word' id='word_1_281' title='bbox 47 1801 116 1833; x_wconf 78' lang='lat' dir='ltr'><strong>quo</strong></span> <span class='ocrx_word' id='word_1_282' title='bbox 138 1790 324 1833; x_wconf 76' lang='lat' dir='ltr'><strong>Aug-ustus</strong></span> <span class='ocrx_word' id='word_1_283' title='bbox 342 1793 462 1834; x_wconf 86' lang='lat' dir='ltr'><strong>patris</strong></span> <span class='ocrx_word' id='word_1_284' title='bbox 483 1793 626 1834; x_wconf 86' lang='lat' dir='ltr'><strong>patriae</strong></span> <span class='ocrx_word' id='word_1_285' title='bbox 649 1792 927 1835; x_wconf 81' lang='lat' dir='ltr'><strong>appellationem</strong></span> <span class='ocrx_word' id='word_1_286' title='bbox 950 1793 1098 1826; x_wconf 81' lang='lat' dir='ltr'><strong>admisit</strong></span> <span class='ocrx_word' id='word_1_287' title='bbox 1122 1792 1186 1834; x_wconf 64' lang='lat' dir='ltr'><strong>(cll</strong></span> <span class='ocrx_word' id='word_1_288' title='bbox 1212 1793 1261 1827; x_wconf 89' lang='lat' dir='ltr'><strong>ad</strong></span> <span class='ocrx_word' id='word_1_289' title='bbox 1282 1793 1327 1827; x_wconf 89' lang='grc' dir='ltr'><strong>Ν.</strong></span> <span class='ocrx_word' id='word_1_290' title='bbox 1350 1795 1422 1835; x_wconf 88' lang='grc'><strong><em>96).</em></strong></span> 
     </span>
    </p>
   </div>
   <div class='ocr_carea' id='block_1_9' title="bbox 0 1892 1756 2189">
    <p class='ocr_par' dir='ltr' id='par_1_12' title="bbox 47 1892 1756 2018">
     <span class='ocr_line' id='line_1_26' title="bbox 161 1892 1756 1952; baseline 0.002 -18"><span class='ocrx_word' id='word_1_291' title='bbox 161 1892 246 1939; x_wconf 65' lang='grc' dir='ltr'><strong>ΗΒ</strong></span> <span class='ocrx_word' id='word_1_292' title='bbox 292 1894 386 1947; x_wconf 92' lang='lat' dir='ltr'><strong>imp.</strong></span> <span class='ocrx_word' id='word_1_293' title='bbox 407 1894 562 1936; x_wconf 87' lang='lat' dir='ltr'><strong>Caesari</strong></span> <span class='ocrx_word' id='word_1_294' title='bbox 587 1894 595 1948; x_wconf 93' lang='grc' dir='ltr'>Ι</span> <span class='ocrx_word' id='word_1_295' title='bbox 621 1896 797 1947; x_wconf 83' lang='lat' dir='ltr'><strong>Augusto</strong></span> <span class='ocrx_word' id='word_1_296' title='bbox 818 1909 856 1948; x_wconf 93' lang='lat' dir='ltr'><strong>p.</strong></span> <span class='ocrx_word' id='word_1_297' title='bbox 878 1909 918 1948; x_wconf 89' lang='lat' dir='ltr'><strong>p.</strong></span> <span class='ocrx_word' id='word_1_298' title='bbox 946 1896 951 1948; x_wconf 96' lang='grc' dir='ltr'>Ι</span> <span class='ocrx_word' id='word_1_299' title='bbox 979 1897 1164 1949; x_wconf 88' lang='lat' dir='ltr'><strong>Hispania</strong></span> <span class='ocrx_word' id='word_1_300' title='bbox 1196 1897 1360 1938; x_wconf 83' lang='lat' dir='ltr'><strong>ulterior</strong></span> <span class='ocrx_word' id='word_1_301' title='bbox 1384 1896 1392 1951; x_wconf 96' lang='grc' dir='ltr'>Ι</span> <span class='ocrx_word' id='word_1_302' title='bbox 1418 1897 1587 1946; x_wconf 81' lang='lat' dir='ltr'><strong>Baetica,</strong></span> <span class='ocrx_word' id='word_1_303' title='bbox 1618 1898 1724 1950; x_wconf 88' lang='lat' dir='ltr'><strong>quod</strong></span> <span class='ocrx_word' id='word_1_304' title='bbox 1750 1897 1756 1952; x_wconf 97' lang='grc' dir='ltr'>Ι</span> 
     </span>
     <span class='ocr_line' id='line_1_27' title="bbox 47 1960 1635 2018; baseline 0.003 -17"><span class='ocrx_word' id='word_1_305' title='bbox 47 1960 241 2002; x_wconf 82' lang='lat' dir='ltr'><strong>beneficio</strong></span> <span class='ocrx_word' id='word_1_306' title='bbox 271 1962 356 2003; x_wconf 88' lang='lat' dir='ltr'><strong>eius</strong></span> <span class='ocrx_word' id='word_1_307' title='bbox 386 1969 425 2002; x_wconf 85' lang='lat' dir='ltr'><strong>et</strong></span> <span class='ocrx_word' id='word_1_308' title='bbox 449 1961 456 2016; x_wconf 96' lang='grc' dir='ltr'>Ι</span> <span class='ocrx_word' id='word_1_309' title='bbox 482 1969 672 2016; x_wconf 87' lang='lat' dir='ltr'><strong>perpetua</strong></span> <span class='ocrx_word' id='word_1_310' title='bbox 704 1976 796 2003; x_wconf 85' lang='lat' dir='ltr'><strong>cura</strong></span> <span class='ocrx_word' id='word_1_311' title='bbox 823 1962 831 2017; x_wconf 99' lang='grc' dir='ltr'>Ι</span> <span class='ocrx_word' id='word_1_312' title='bbox 856 1965 1058 2016; x_wconf 80' lang='lat' dir='ltr'><strong>provincia</strong></span> <span class='ocrx_word' id='word_1_313' title='bbox 1088 1971 1223 2018; x_wconf 87' lang='lat' dir='ltr'><strong>pacata</strong></span> <span class='ocrx_word' id='word_1_314' title='bbox 1250 1973 1256 2015; x_wconf 85' lang='grc' dir='ltr'>Ι</span> <span class='ocrx_word' id='word_1_315' title='bbox 1284 1971 1355 2006; x_wconf 81' lang='lat' dir='ltr'><strong>est.</strong></span> <span class='ocrx_word' id='word_1_316' title='bbox 1403 1965 1501 2005; x_wconf 80' lang='lat' dir='ltr'><strong>Auri</strong></span> <span class='ocrx_word' id='word_1_317' title='bbox 1532 1978 1570 2017; x_wconf 90' lang='lat' dir='ltr'><strong>p.</strong></span> <span class='ocrx_word' id='word_1_318' title='bbox 1593 1965 1635 2006; x_wconf 90' lang='lat' dir='ltr'><strong>C.</strong></span> 
     </span>
    </p>

    <p class='ocr_par' dir='ltr' id='par_1_13' title="bbox 161 2027 1756 2076">
     <span class='ocr_line' id='line_1_28' title="bbox 161 2027 1756 2076; baseline 0.003 -15"><span class='ocrx_word' id='word_1_319' title='bbox 161 2027 293 2062; x_wconf 77' lang='lat' dir='ltr'><strong>Romae</strong></span> <span class='ocrx_word' id='word_1_320' title='bbox 314 2039 389 2072; x_wconf 86' lang='lat' dir='ltr'><strong>rep.</strong></span> <span class='ocrx_word' id='word_1_321' title='bbox 412 2030 452 2062; x_wconf 85' lang='lat' dir='ltr'><strong>in</strong></span> <span class='ocrx_word' id='word_1_322' title='bbox 474 2028 557 2069; x_wconf 77' lang='lat' dir='ltr'><strong>soro</strong></span> <span class='ocrx_word' id='word_1_323' title='bbox 574 2031 731 2072; x_wconf 76' lang='lat' dir='ltr'><strong>Augusti</strong></span> <span class='ocrx_word' id='word_1_324' title='bbox 754 2031 951 2071; x_wconf 85' lang='lat' dir='ltr'><strong>(Lanciani</strong></span> <span class='ocrx_word' id='word_1_325' title='bbox 973 2031 1067 2065; x_wconf 85' lang='lat' dir='ltr'><strong>Bult.</strong></span> <span class='ocrx_word' id='word_1_326' title='bbox 1093 2042 1180 2066; x_wconf 89' lang='lat' dir='ltr'><strong>com.</strong></span> <span class='ocrx_word' id='word_1_327' title='bbox 1205 2033 1292 2066; x_wconf 85' lang='grc'><strong><em>1889</em></strong></span> <span class='ocrx_word' id='word_1_328' title='bbox 1314 2043 1349 2076; x_wconf 89' lang='lat' dir='ltr'><strong>p.</strong></span> <span class='ocrx_word' id='word_1_329' title='bbox 1365 2033 1439 2072; x_wconf 83' lang='grc'><strong><em>52,·</em></strong></span> <span class='ocrx_word' id='word_1_330' title='bbox 1462 2031 1615 2065; x_wconf 82' lang='lat' dir='ltr'><strong>Huelsen</strong></span> <span class='ocrx_word' id='word_1_331' title='bbox 1639 2031 1756 2066; x_wconf 71' lang='lat' dir='ltr'><strong>Mittit.</strong></span> 
     </span>
    </p>

    <p class='ocr_par' dir='ltr' id='par_1_14' title="bbox 0 2084 1754 2132">
     <span class='ocr_line' id='line_1_29' title="bbox 0 2084 1754 2132; baseline 0.002 -15"><span class='ocrx_word' id='word_1_332' title='bbox 0 2110 4 2112; x_wconf 55' lang='grc'><strong><em>.</em></strong></span> <span class='ocrx_word' id='word_1_333' title='bbox 46 2084 134 2118; x_wconf 85' lang='grc'><strong><em>1889</em></strong></span> <span class='ocrx_word' id='word_1_334' title='bbox 154 2095 190 2127; x_wconf 84' lang='lat' dir='ltr'><strong>p.</strong></span> <span class='ocrx_word' id='word_1_335' title='bbox 205 2085 302 2126; x_wconf 73' lang='grc'><strong><em>248).</em></strong></span> <span class='ocrx_word' id='word_1_336' title='bbox 344 2084 525 2118; x_wconf 84' lang='lat' dir='ltr'><strong>Sustinuit</strong></span> <span class='ocrx_word' id='word_1_337' title='bbox 547 2087 641 2119; x_wconf 82' lang='lat' dir='ltr'><strong>basis</strong></span> <span class='ocrx_word' id='word_1_338' title='bbox 667 2090 824 2120; x_wconf 85' lang='lat' dir='ltr'><strong>statuam</strong></span> <span class='ocrx_word' id='word_1_339' title='bbox 847 2088 1005 2132; x_wconf 79' lang='lat' dir='ltr'><strong>Augusti</strong></span> <span class='ocrx_word' id='word_1_340' title='bbox 1028 2099 1175 2122; x_wconf 86' lang='lat' dir='ltr'><strong>auream</strong></span> <span class='ocrx_word' id='word_1_341' title='bbox 1198 2089 1318 2132; x_wconf 85' lang='lat' dir='ltr'><strong>pondo</strong></span> <span class='ocrx_word' id='word_1_342' title='bbox 1343 2092 1483 2122; x_wconf 85' lang='lat' dir='ltr'><strong>centum</strong></span> <span class='ocrx_word' id='word_1_343' title='bbox 1507 2089 1707 2122; x_wconf 82' lang='lat' dir='ltr'><strong>dedicatam</strong></span> <span class='ocrx_word' id='word_1_344' title='bbox 1733 2100 1754 2121; x_wconf 93' lang='lat' dir='ltr'><strong>a</strong></span> 
     </span>
    </p>

    <p class='ocr_par' dir='ltr' id='par_1_15' title="bbox 0 2140 1756 2189">
     <span class='ocr_line' id='line_1_30' title="bbox 0 2140 1756 2189; baseline 0.003 -16"><span class='ocrx_word' id='word_1_345' title='bbox 0 2174 1 2177; x_wconf 64' lang='grc'><strong><em>,</em></strong></span> <span class='ocrx_word' id='word_1_346' title='bbox 44 2141 235 2184; x_wconf 83' lang='lat' dir='ltr'><strong>provincia</strong></span> <span class='ocrx_word' id='word_1_347' title='bbox 258 2140 406 2174; x_wconf 78' lang='lat' dir='ltr'><strong>Baetica</strong></span> <span class='ocrx_word' id='word_1_348' title='bbox 429 2153 500 2175; x_wconf 86' lang='lat' dir='ltr'><strong>non</strong></span> <span class='ocrx_word' id='word_1_349' title='bbox 525 2145 608 2175; x_wconf 86' lang='lat' dir='ltr'><strong>ante</strong></span> <span class='ocrx_word' id='word_1_350' title='bbox 631 2153 766 2176; x_wconf 83' lang='lat' dir='ltr'><strong>annum</strong></span> <span class='ocrx_word' id='word_1_351' title='bbox 787 2144 871 2185; x_wconf 82' lang='lat'>752,</span> <span class='ocrx_word' id='word_1_352' title='bbox 904 2155 974 2188; x_wconf 81' lang='lat' dir='ltr'><strong>quo</strong></span> <span class='ocrx_word' id='word_1_353' title='bbox 1000 2149 1107 2188; x_wconf 87' lang='lat' dir='ltr'><strong>pater</strong></span> <span class='ocrx_word' id='word_1_354' title='bbox 1132 2147 1275 2189; x_wconf 86' lang='lat' dir='ltr'><strong>patriae</strong></span> <span class='ocrx_word' id='word_1_355' title='bbox 1297 2146 1485 2188; x_wconf 80' lang='lat' dir='ltr'><strong>Augustus</strong></span> <span class='ocrx_word' id='word_1_356' title='bbox 1516 2145 1590 2178; x_wconf 84' lang='lat' dir='ltr'><strong>dici</strong></span> <span class='ocrx_word' id='word_1_357' title='bbox 1614 2148 1756 2188; x_wconf 88' lang='lat' dir='ltr'><strong>coeptus</strong></span> 
     </span>
    </p>
   </div>
   <div class='ocr_carea' id='block_1_10' title="bbox 0 2196 1756 2303">
    <p class='ocr_par' dir='ltr' id='par_1_16' title="bbox 0 2196 1756 2303">
     <span class='ocr_line' id='line_1_31' title="bbox 47 2196 1756 2244; baseline 0.003 -15"><span class='ocrx_word' id='word_1_358' title='bbox 47 2200 109 2237; x_wconf 78' lang='lat' dir='ltr'><strong>est,</strong></span> <span class='ocrx_word' id='word_1_359' title='bbox 134 2199 219 2229; x_wconf 83' lang='lat' dir='ltr'><strong>tunc</strong></span> <span class='ocrx_word' id='word_1_360' title='bbox 242 2198 316 2230; x_wconf 83' lang='lat' dir='ltr'><strong>nisi</strong></span> <span class='ocrx_word' id='word_1_361' title='bbox 330 2196 456 2239; x_wconf 76' lang='lat' dir='ltr'><strong>fallor,</strong></span> <span class='ocrx_word' id='word_1_362' title='bbox 479 2209 558 2232; x_wconf 78' lang='lat' dir='ltr'><strong>cum</strong></span> <span class='ocrx_word' id='word_1_363' title='bbox 575 2201 736 2232; x_wconf 83' lang='lat' dir='ltr'><strong>seiuncta</strong></span> <span class='ocrx_word' id='word_1_364' title='bbox 753 2211 775 2232; x_wconf 90' lang='lat' dir='ltr'><strong>a</strong></span> <span class='ocrx_word' id='word_1_365' title='bbox 791 2200 982 2234; x_wconf 78' lang='lat' dir='ltr'><strong>Lusitania</strong></span> <span class='ocrx_word' id='word_1_366' title='bbox 999 2206 1033 2235; x_wconf 87' lang='lat' dir='ltr'><strong>et</strong></span> <span class='ocrx_word' id='word_1_367' title='bbox 1049 2202 1170 2235; x_wconf 85' lang='lat' dir='ltr'><strong>ablata</strong></span> <span class='ocrx_word' id='word_1_368' title='bbox 1187 2202 1306 2244; x_wconf 82' lang='lat' dir='ltr'><strong>legato</strong></span> <span class='ocrx_word' id='word_1_369' title='bbox 1324 2203 1482 2244; x_wconf 79' lang='lat' dir='ltr'><strong>Augusti</strong></span> <span class='ocrx_word' id='word_1_370' title='bbox 1506 2202 1644 2234; x_wconf 85' lang='lat' dir='ltr'><strong>tradita</strong></span> <span class='ocrx_word' id='word_1_371' title='bbox 1667 2205 1756 2235; x_wconf 85' lang='lat' dir='ltr'><strong>esset</strong></span> 
     </span>
     <span class='ocr_line' id='line_1_32' title="bbox 0 2253 578 2303; baseline 0.003 -17"><span class='ocrx_word' id='word_1_372' title='bbox 0 2267 6 2303; x_wconf 28' lang='grc' dir='ltr'><strong>ζ·</strong></span> <span class='ocrx_word' id='word_1_373' title='bbox 44 2253 269 2296; x_wconf 79' lang='lat' dir='ltr'><strong>proconsuli,</strong></span> <span class='ocrx_word' id='word_1_374' title='bbox 292 2256 414 2296; x_wconf 87' lang='lat' dir='ltr'><strong>utpote</strong></span> <span class='ocrx_word' id='word_1_375' title='bbox 437 2258 578 2296; x_wconf 77' lang='lat' dir='ltr'><strong>pacata.</strong></span> 
     </span>
    </p>
   </div>
   <div class='ocr_carea' id='block_1_11' title="bbox 162 2365 1755 2423">
    <p class='ocr_par' dir='ltr' id='par_1_17' title="bbox 162 2365 1755 2423">
     <span class='ocr_line' id='line_1_33' title="bbox 162 2365 1755 2423; baseline 0.003 -16"><span class='ocrx_word' id='word_1_376' title='bbox 162 2365 248 2412; x_wconf 78' lang='grc'><strong>104</strong></span> <span class='ocrx_word' id='word_1_377' title='bbox 285 2368 379 2420; x_wconf 89' lang='lat' dir='ltr'><strong>imp.</strong></span> <span class='ocrx_word' id='word_1_378' title='bbox 402 2368 510 2409; x_wconf 86' lang='lat' dir='ltr'><strong>Caes.</strong></span> <span class='ocrx_word' id='word_1_379' title='bbox 532 2368 606 2408; x_wconf 87' lang='lat' dir='ltr'><strong>divi</strong></span> <span class='ocrx_word' id='word_1_380' title='bbox 628 2370 654 2408; x_wconf 80' lang='lat' dir='ltr'><strong>f.</strong></span> <span class='ocrx_word' id='word_1_381' title='bbox 671 2371 868 2422; x_wconf 79' lang='lat' dir='ltr'><strong>Augustus</strong></span> <span class='ocrx_word' id='word_1_382' title='bbox 889 2372 1065 2423; x_wconf 74' lang='lat' dir='ltr'><strong>pontifex</strong></span> <span class='ocrx_word' id='word_1_383' title='bbox 1090 2373 1292 2419; x_wconf 81' lang='lat' dir='ltr'><strong>maximus,</strong></span> <span class='ocrx_word' id='word_1_384' title='bbox 1316 2385 1396 2412; x_wconf 88' lang='lat' dir='ltr'><strong>cos.</strong></span> <span class='ocrx_word' id='word_1_385' title='bbox 1416 2371 1520 2419; x_wconf 89' lang='lat' dir='ltr'>XIII,</span> <span class='ocrx_word' id='word_1_386' title='bbox 1541 2373 1755 2413; x_wconf 85' lang='lat' dir='ltr'><strong>tribunicia</strong></span> 
     </span>
    </p>
   </div>
   <div class='ocr_carea' id='block_1_12' title="bbox 0 2404 1366 2491">
    <p class='ocr_par' dir='ltr' id='par_1_18' title="bbox 0 2404 1366 2491">
     <span class='ocr_line' id='line_1_34' title="bbox 0 2404 1366 2491; baseline 0.003 -16"><span class='ocrx_word' id='word_1_387' title='bbox 0 2404 13 2429; x_wconf 16' lang='lat'><strong>*⁸-</strong></span> <span class='ocrx_word' id='word_1_388' title='bbox 0 2440 192 2491; x_wconf 81' lang='lat' dir='ltr'><strong>potest.</strong></span> <span class='ocrx_word' id='word_1_389' title='bbox 213 2434 391 2484; x_wconf 78' lang='lat' dir='ltr'>xxxw,</span> <span class='ocrx_word' id='word_1_390' title='bbox 422 2436 515 2488; x_wconf 88' lang='lat' dir='ltr'><strong>imp.</strong></span> <span class='ocrx_word' id='word_1_391' title='bbox 540 2436 695 2484; x_wconf 78' lang='lat' dir='ltr'>XXVI&#39;,</span> <span class='ocrx_word' id='word_1_392' title='bbox 726 2445 837 2489; x_wconf 90' lang='lat' dir='ltr'><strong>pater</strong></span> <span class='ocrx_word' id='word_1_393' title='bbox 866 2439 1027 2490; x_wconf 86' lang='lat' dir='ltr'><strong>patriae,</strong></span> <span class='ocrx_word' id='word_1_394' title='bbox 1059 2452 1216 2480; x_wconf 84' lang='lat' dir='ltr'><strong>murum</strong></span> <span class='ocrx_word' id='word_1_395' title='bbox 1247 2440 1366 2480; x_wconf 88' lang='lat' dir='ltr'><strong>dedit.</strong></span> 
     </span>
    </p>
   </div>
   <div class='ocr_carea' id='block_1_13' title="bbox 0 2501 1756 2631">
    <p class='ocr_par' dir='ltr' id='par_1_19' title="bbox 0 2501 1756 2631">
     <span class='ocr_line' id='line_1_35' title="bbox 147 2501 1756 2550; baseline 0.004 -16.057"><span class='ocrx_word' id='word_1_396' title='bbox 147 2501 259 2535; x_wconf 79' lang='lat' dir='ltr'><strong>Fani</strong></span> <span class='ocrx_word' id='word_1_397' title='bbox 280 2503 320 2535; x_wconf 87' lang='lat' dir='ltr'><strong>in</strong></span> <span class='ocrx_word' id='word_1_398' title='bbox 344 2512 434 2535; x_wconf 86' lang='lat' dir='ltr'><strong>arcu</strong></span> <span class='ocrx_word' id='word_1_399' title='bbox 456 2502 582 2544; x_wconf 85' lang='lat' dir='ltr'><strong>(Grut.</strong></span> <span class='ocrx_word' id='word_1_400' title='bbox 607 2502 681 2545; x_wconf 87' lang='grc'><strong><em>165,</em></strong></span> <span class='ocrx_word' id='word_1_401' title='bbox 703 2504 749 2544; x_wconf 68' lang='grc'><strong><em>2,</em></strong></span> <span class='ocrx_word' id='word_1_402' title='bbox 773 2504 865 2537; x_wconf 76' lang='lat' dir='ltr'><strong>vidit</strong></span> <span class='ocrx_word' id='word_1_403' title='bbox 888 2505 1104 2548; x_wconf 87' lang='lat' dir='ltr'><strong>Bormann).</strong></span> <span class='ocrx_word' id='word_1_404' title='bbox 1128 2525 1174 2531; x_wconf 96' lang='lat'>—</span> <span class='ocrx_word' id='word_1_405' title='bbox 1201 2508 1232 2548; x_wconf 90' lang='lat'><strong>1)</strong></span> <span class='ocrx_word' id='word_1_406' title='bbox 1256 2507 1298 2539; x_wconf 87' lang='lat' dir='ltr'><strong>A.</strong></span> <span class='ocrx_word' id='word_1_407' title='bbox 1314 2507 1418 2549; x_wconf 72' lang='lat' dir='ltr'><strong><em>762s5</em></strong></span> <span class='ocrx_word' id='word_1_408' title='bbox 1442 2506 1499 2549; x_wconf 82' lang='lat' dir='ltr'><strong>(p.</strong></span> <span class='ocrx_word' id='word_1_409' title='bbox 1526 2506 1560 2540; x_wconf 86' lang='lat' dir='ltr'><strong>G.</strong></span> <span class='ocrx_word' id='word_1_410' title='bbox 1584 2505 1694 2550; x_wconf 80' lang='grc'><strong><em>9110).</em></strong></span> <span class='ocrx_word' id='word_1_411' title='bbox 1710 2525 1756 2530; x_wconf 86' lang='lat'><strong>——</strong></span> 
     </span>
     <span class='ocr_line' id='line_1_36' title="bbox 0 2553 1755 2631; baseline 0.003 -41"><span class='ocrx_word' id='word_1_412' title='bbox 0 2553 13 2631; x_wconf 64' lang='grc' dir='ltr'>Ξ</span> <span class='ocrx_word' id='word_1_413' title='bbox 49 2557 86 2598; x_wconf 84' lang='grc'><strong>2)</strong></span> <span class='ocrx_word' id='word_1_414' title='bbox 107 2556 282 2591; x_wconf 70' lang='lat' dir='ltr'><strong>Eri-atum</strong></span> <span class='ocrx_word' id='word_1_415' title='bbox 304 2560 344 2591; x_wconf 87' lang='lat' dir='ltr'><strong>in</strong></span> <span class='ocrx_word' id='word_1_416' title='bbox 375 2569 543 2601; x_wconf 88' lang='lat' dir='ltr'><strong>numero,</strong></span> <span class='ocrx_word' id='word_1_417' title='bbox 576 2569 660 2591; x_wconf 87' lang='lat' dir='ltr'><strong>nam</strong></span> <span class='ocrx_word' id='word_1_418' title='bbox 684 2561 791 2592; x_wconf 84' lang='lat' dir='ltr'><strong>vicies</strong></span> <span class='ocrx_word' id='word_1_419' title='bbox 812 2562 920 2594; x_wconf 77' lang='lat' dir='ltr'><strong>semel</strong></span> <span class='ocrx_word' id='word_1_420' title='bbox 942 2564 1081 2594; x_wconf 85' lang='lat' dir='ltr'><strong>tantum</strong></span> <span class='ocrx_word' id='word_1_421' title='bbox 1106 2564 1355 2605; x_wconf 84' lang='lat' dir='ltr'><strong>imperatorem</strong></span> <span class='ocrx_word' id='word_1_422' title='bbox 1378 2574 1415 2595; x_wconf 91' lang='lat' dir='ltr'><strong>se</strong></span> <span class='ocrx_word' id='word_1_423' title='bbox 1438 2562 1656 2606; x_wconf 84' lang='lat' dir='ltr'><strong>appellatum</strong></span> <span class='ocrx_word' id='word_1_424' title='bbox 1683 2574 1755 2595; x_wconf 83' lang='lat' dir='ltr'><strong>esse</strong></span> 
     </span>
    </p>
   </div>
   <div class='ocr_carea' id='block_1_14' title="bbox 0 2613 1754 2713">
    <p class='ocr_par' dir='ltr' id='par_1_20' title="bbox 0 2606 1754 2713">
     <span class='ocr_line' id='line_1_37' title="bbox 0 2613 1754 2662; baseline 0.003 -17"><span class='ocrx_word' id='word_1_425' title='bbox 0 2624 32 2661; x_wconf 60' lang='lat' dir='ltr'><strong>g·</strong></span> <span class='ocrx_word' id='word_1_426' title='bbox 46 2613 123 2656; x_wconf 79' lang='lat' dir='ltr'><strong>ipse</strong></span> <span class='ocrx_word' id='word_1_427' title='bbox 136 2613 323 2656; x_wconf 70' lang='lat' dir='ltr'><strong>Augustus</strong></span> <span class='ocrx_word' id='word_1_428' title='bbox 346 2617 498 2648; x_wconf 84' lang='lat' dir='ltr'><strong>testatur</strong></span> <span class='ocrx_word' id='word_1_429' title='bbox 513 2626 607 2650; x_wconf 86' lang='lat' dir='ltr'><strong>mon.</strong></span> <span class='ocrx_word' id='word_1_430' title='bbox 626 2616 763 2659; x_wconf 75' lang='lat' dir='ltr'><strong>Ancyr.</strong></span> <span class='ocrx_word' id='word_1_431' title='bbox 779 2616 811 2659; x_wconf 83' lang='grc'><strong>1,</strong></span> <span class='ocrx_word' id='word_1_432' title='bbox 826 2617 875 2650; x_wconf 87' lang='grc'><strong>22</strong></span> <span class='ocrx_word' id='word_1_433' title='bbox 899 2616 947 2656; x_wconf 76' lang='lat' dir='ltr'><strong>cf.</strong></span> <span class='ocrx_word' id='word_1_434' title='bbox 973 2617 1039 2651; x_wconf 80' lang='lat' dir='ltr'><strong>Mo.</strong></span> <span class='ocrx_word' id='word_1_435' title='bbox 1066 2629 1188 2651; x_wconf 88' lang='lat' dir='ltr'><strong>comm.</strong></span> <span class='ocrx_word' id='word_1_436' title='bbox 1209 2629 1247 2662; x_wconf 89' lang='lat' dir='ltr'><strong>p.</strong></span> <span class='ocrx_word' id='word_1_437' title='bbox 1261 2618 1376 2653; x_wconf 91' lang='grc'><strong><em>16.17.</em></strong></span> <span class='ocrx_word' id='word_1_438' title='bbox 1393 2638 1437 2642; x_wconf 86' lang='grc'><strong>-</strong></span> <span class='ocrx_word' id='word_1_439' title='bbox 1455 2619 1496 2651; x_wconf 90' lang='lat' dir='ltr'><strong>ln</strong></span> <span class='ocrx_word' id='word_1_440' title='bbox 1521 2619 1640 2652; x_wconf 85' lang='lat' dir='ltr'><strong>eodem</strong></span> <span class='ocrx_word' id='word_1_441' title='bbox 1665 2629 1754 2652; x_wconf 85' lang='lat' dir='ltr'><strong>areu</strong></span> 
     </span>
     <span class='ocr_line' id='line_1_38' title="bbox 0 2667 1185 2713; baseline 0.004 -11"><span class='ocrx_word' id='word_1_442' title='bbox 0 2667 16 2710; x_wconf 98' lang='grc' dir='ltr'>Ξ</span> <span class='ocrx_word' id='word_1_443' title='bbox 46 2671 173 2712; x_wconf 79' lang='lat' dir='ltr'><strong>postea</strong></span> <span class='ocrx_word' id='word_1_444' title='bbox 196 2671 398 2713; x_wconf 83' lang='lat' dir='ltr'><strong>insculptus</strong></span> <span class='ocrx_word' id='word_1_445' title='bbox 419 2674 470 2703; x_wconf 80' lang='lat' dir='ltr'><strong>est</strong></span> <span class='ocrx_word' id='word_1_446' title='bbox 494 2671 621 2704; x_wconf 81' lang='lat' dir='ltr'><strong>titulus</strong></span> <span class='ocrx_word' id='word_1_447' title='bbox 647 2671 872 2705; x_wconf 83' lang='lat' dir='ltr'><strong>Constantini</strong></span> <span class='ocrx_word' id='word_1_448' title='bbox 895 2672 997 2713; x_wconf 73' lang='lat' dir='ltr'><strong>infra</strong></span> <span class='ocrx_word' id='word_1_449' title='bbox 1020 2674 1185 2709; x_wconf 83' lang='lat' dir='ltr'><strong>edendus.</strong></span> 
     </span>
    </p>
   </div>
   <div class='ocr_carea' id='block_1_15' title="bbox 0 2726 1754 2913">
    <p class='ocr_par' dir='ltr' id='par_1_21' title="bbox 0 2726 1752 2913">
     <span class='ocr_line' id='line_1_39' title="bbox 0 2726 1752 2848; baseline 0.004 -21"><span class='ocrx_word' id='word_1_450' title='bbox 0 2726 27 2786; x_wconf 56' lang='grc' dir='ltr'><em>ἵ</em></span> <span class='ocrx_word' id='word_1_451' title='bbox 163 2781 246 2827; x_wconf 81' lang='grc'><strong><em>105</em></strong></span> <span class='ocrx_word' id='word_1_452' title='bbox 290 2784 383 2836; x_wconf 88' lang='lat' dir='ltr'><strong>imp.</strong></span> <span class='ocrx_word' id='word_1_453' title='bbox 406 2785 546 2824; x_wconf 86' lang='lat' dir='ltr'><strong>Caesar</strong></span> <span class='ocrx_word' id='word_1_454' title='bbox 565 2784 570 2838; x_wconf 96' lang='grc' dir='ltr'>Ι</span> <span class='ocrx_word' id='word_1_455' title='bbox 588 2787 766 2835; x_wconf 69' lang='lat' dir='ltr'><strong>August„</strong></span> <span class='ocrx_word' id='word_1_456' title='bbox 786 2786 922 2833; x_wconf 69' lang='lat' dir='ltr'><strong>divis„</strong></span> <span class='ocrx_word' id='word_1_457' title='bbox 947 2787 1085 2840; x_wconf 66' lang='lat' dir='ltr'><strong>{pater</strong></span> <span class='ocrx_word' id='word_1_458' title='bbox 1107 2790 1266 2841; x_wconf 87' lang='lat' dir='ltr'><strong>patriae,</strong></span> <span class='ocrx_word' id='word_1_459' title='bbox 1292 2790 1297 2845; x_wconf 90' lang='grc' dir='ltr'>Ι</span> <span class='ocrx_word' id='word_1_460' title='bbox 1321 2794 1498 2844; x_wconf 81' lang='lat' dir='ltr'><strong>pontifex</strong></span> <span class='ocrx_word' id='word_1_461' title='bbox 1518 2791 1752 2848; x_wconf 50' lang='lat' dir='ltr'><strong>maximus!</strong></span> 
     </span>
     <span class='ocr_line' id='line_1_40' title="bbox 9 2843 1754 2913; baseline 0.008 -24.292"><span class='ocrx_word' id='word_1_462' title='bbox 9 2843 140 2889; x_wconf 79' lang='lat' dir='ltr'><strong>trib.</strong></span> <span class='ocrx_word' id='word_1_463' title='bbox 170 2857 353 2902; x_wconf 85' lang='lat' dir='ltr'><strong>potestat.</strong></span> <span class='ocrx_word' id='word_1_464' title='bbox 384 2851 574 2900; x_wconf 83' lang='lat' dir='ltr'>XXXVI¹,</span> <span class='ocrx_word' id='word_1_465' title='bbox 602 2852 608 2903; x_wconf 97' lang='grc' dir='ltr'>Ι</span> <span class='ocrx_word' id='word_1_466' title='bbox 635 2851 839 2894; x_wconf 90' lang='lat' dir='ltr'><strong>obtinente</strong></span> <span class='ocrx_word' id='word_1_467' title='bbox 869 2854 913 2894; x_wconf 91' lang='lat' dir='ltr'><strong>T.</strong></span> <span class='ocrx_word' id='word_1_468' title='bbox 945 2855 1109 2910; x_wconf 87' lang='lat' dir='ltr'><strong>Pompio</strong></span> <span class='ocrx_word' id='word_1_469' title='bbox 1135 2856 1142 2910; x_wconf 95' lang='grc' dir='ltr'>Ι</span> <span class='ocrx_word' id='word_1_470' title='bbox 1169 2854 1369 2913; x_wconf 78' lang='lat' dir='ltr'><strong>[PJroculo</strong></span> <span class='ocrx_word' id='word_1_471' title='bbox 1396 2861 1402 2910; x_wconf 96' lang='grc' dir='ltr'>Ι</span> <span class='ocrx_word' id='word_1_472' title='bbox 1429 2873 1502 2912; x_wconf 87' lang='lat' dir='ltr'><strong>pro</strong></span> <span class='ocrx_word' id='word_1_473' title='bbox 1534 2861 1606 2913; x_wconf 85' lang='lat' dir='ltr'><strong>leg.</strong></span> <span class='ocrx_word' id='word_1_474' title='bbox 1634 2860 1640 2913; x_wconf 99' lang='grc' dir='ltr'>Ι</span> <span class='ocrx_word' id='word_1_475' title='bbox 1667 2860 1702 2900; x_wconf 82' lang='grc' dir='ltr'>Χ</span> <span class='ocrx_word' id='word_1_476' title='bbox 1732 2861 1754 2910; x_wconf 88' lang='grc' dir='ltr'><strong><em>Ι.</em></strong></span> 
     </span>
    </p>
   </div>
   <div class='ocr_carea' id='block_1_16' title="bbox 7 2915 1753 3018">
    <p class='ocr_par' dir='ltr' id='par_1_22' title="bbox 7 2915 1753 3018">
     <span class='ocr_line' id='line_1_41' title="bbox 7 2915 1753 2970; baseline 0.007 -22"><span class='ocrx_word' id='word_1_477' title='bbox 7 2935 10 2938; x_wconf 98' lang='grc'>-</span> <span class='ocrx_word' id='word_1_478' title='bbox 162 2915 206 2949; x_wconf 81' lang='lat' dir='ltr'><strong>In</strong></span> <span class='ocrx_word' id='word_1_479' title='bbox 229 2916 424 2959; x_wconf 83' lang='lat' dir='ltr'><strong>Sardinia,</strong></span> <span class='ocrx_word' id='word_1_480' title='bbox 451 2930 566 2962; x_wconf 88' lang='lat' dir='ltr'><strong>prope</strong></span> <span class='ocrx_word' id='word_1_481' title='bbox 591 2918 890 2962; x_wconf 55' lang='lat' dir='ltr'><strong>managizeim,</strong></span> <span class='ocrx_word' id='word_1_482' title='bbox 915 2921 1080 2956; x_wconf 82' lang='lat' dir='ltr'><strong>columna</strong></span> <span class='ocrx_word' id='word_1_483' title='bbox 1104 2924 1279 2957; x_wconf 84' lang='lat' dir='ltr'><strong>milliaria</strong></span> <span class='ocrx_word' id='word_1_484' title='bbox 1306 2925 1466 2965; x_wconf 82' lang='lat' dir='ltr'><strong>(Notizie</strong></span> <span class='ocrx_word' id='word_1_485' title='bbox 1489 2926 1578 2960; x_wconf 84' lang='grc'><strong><em>1885</em></strong></span> <span class='ocrx_word' id='word_1_486' title='bbox 1599 2937 1636 2970; x_wconf 85' lang='lat' dir='ltr'><strong>p.</strong></span> <span class='ocrx_word' id='word_1_487' title='bbox 1658 2928 1753 2969; x_wconf 72' lang='lat'><strong>429).</strong></span> 
     </span>
     <span class='ocr_line' id='line_1_42' title="bbox 8 2971 627 3018; baseline 0.006 -14"><span class='ocrx_word' id='word_1_488' title='bbox 8 3007 15 3013; x_wconf 57' lang='grc'><strong><em>,</em></strong></span> <span class='ocrx_word' id='word_1_489' title='bbox 47 2986 94 2996; x_wconf 88' lang='lat'><strong>·—</strong></span> <span class='ocrx_word' id='word_1_490' title='bbox 119 2971 151 3013; x_wconf 82' lang='lat'><strong>1)</strong></span> <span class='ocrx_word' id='word_1_491' title='bbox 173 2972 216 3006; x_wconf 87' lang='lat' dir='ltr'><strong>A.</strong></span> <span class='ocrx_word' id='word_1_492' title='bbox 238 2973 334 3015; x_wconf 64' lang='lat' dir='ltr'><em>7⁶⁸6st</em></span> <span class='ocrx_word' id='word_1_493' title='bbox 356 2976 408 3018; x_wconf 86' lang='lat' dir='ltr'><strong>(p.</strong></span> <span class='ocrx_word' id='word_1_494' title='bbox 435 2974 471 3010; x_wconf 85' lang='lat' dir='ltr'><strong>C.</strong></span> <span class='ocrx_word' id='word_1_495' title='bbox 497 2975 627 3018; x_wconf 75' lang='grc'><strong><em>15114).</em></strong></span> 
     </span>
    </p>
   </div>
   <div class='ocr_carea' id='block_1_17' title="bbox 0 3042 1741 3091">
    <p class='ocr_par' dir='ltr' id='par_1_23' title="bbox 0 3042 1741 3091">
     <span class='ocr_line' id='line_1_43' title="bbox 0 3042 1741 3091; baseline 0.002 -33"><span class='ocrx_word' id='word_1_496' title='bbox 0 3068 11 3091; x_wconf 59' lang='grc' dir='ltr'><strong>ἰ</strong></span> <span class='ocrx_word' id='word_1_497' title='bbox 49 3042 1741 3063; x_wconf 54' lang='grc' dir='ltr'><em>Ἣ</em></span> 
     </span>
    </p>
   </div>
   <div class='ocr_carea' id='block_1_18' title="bbox 893 2749 1753 2754">
    <p class='ocr_par' dir='ltr' id='par_1_24' title="bbox 893 2749 1753 2754">
     <span class='ocr_line' id='line_1_44' title="bbox 893 2749 1753 2754; baseline 0 0"><span class='ocrx_word' id='word_1_498' title='bbox 893 2749 1753 2754; x_wconf 95' lang='lat' dir='ltr'><strong> </strong></span> 
     </span>
    </p>
   </div>
   <div class='ocr_carea' id='block_1_19' title="bbox 0 2982 18 3137">
    <p class='ocr_par' dir='ltr' id='par_1_25' title="bbox 0 2982 18 3137">
     <span class='ocr_line' id='line_1_45' title="bbox 0 2982 18 3137; baseline 0 0"><span class='ocrx_word' id='word_1_499' title='bbox 0 2982 18 3137; x_wconf 71' lang='grc' dir='ltr'>ἓ</span> 
     </span>
    </p>
   </div>
  </div>
 </body>
</html>
