1968 3268
80 128 162 167 180
395 114 398 117 ’
845 129 965 174 caput
986 129 1034 164 11.

186 242 274 288 810
491 244 554 284 dd.
580 257 648 284 nn.
675 243 810 283 Leone
1083 242 1248 283 Caecina
1279 242 1373 283 Deci

491 317 530 351 et
559 311 631 350 Iul.
672 310 809 350 Maiori
1083 323 1129 350 us
1205 309 1370 350 Basilius

489 378 812 430 ano¹pp.Aagg.²
1084 390 1123 430 p.
1167 377 1223 430 p.³
1266 378 1370 418 feeit.

189 444 356 485 Veneuis,
382 445 511 477 tabella
535 454 644 477 aenea
667 443 853 477 versiculis
877 446 1027 486 argento
1051 444 1273 486 incr-astatis,
1300 445 1403 476 cuius
1421 445 1566 486 generis
1589 445 1739 478 tabellae
1761 457 1785 479 a

79 500 261 534 nonnullis
298 501 473 533 habentur
511 502 645 543 eoeagia
675 499 888 540 solidorum,
927 499 991 531 sed
1023 510 1080 532 res
1111 502 1163 532 est
1192 501 1330 534 incerta
1360 499 1426 544 (cf.
1456 500 1632 544 Borghesi
1663 511 1743 545 opp.
1765 502 1787 536 7

74 568 110 601 p.
133 556 198 591 294
206 569 220 598 ,·
247 557 290 589 de
312 556 414 589 Ros-si
436 556 554 590 Mitth.
587 556 621 590 d.
644 559 734 590 ro'm.
758 557 845 590 Inst.
868 557 953 590 4886
976 565 1016 598 p.
1040 554 1156 600 425s6)
1183 555 1239 599 (V
1255 557 1358 599 8449,
1382 557 1475 590 vidit
1496 556 1717 602 Mommsen).
1740 577 1786 583 —-

81 614 112 656 1)
125 614 196 647 Leo
209 614 401 656 imperavit
415 613 725 656 Constantinopoli
737 614 779 646 ab
793 624 825 646 a.
839 612 902 646 457
918 612 967 645 ad
977 623 1011 646 a.
1021 612 1098 652 473,
1115 612 1341 646 Maiorianus
1355 615 1395 647 in
1409 614 1594 647 Occidente
1609 615 1652 647 ab
1673 625 1706 648 a.
1722 615 1788 648 437

76 670 126 703 ad
147 681 179 704 a.
203 669 275 703 464.
300 689 345 694 --
369 670 404 711 2)
428 671 613 712 Perpetuis
635 670 819 712 Augustis.
838 688 883 694 —
900 670 935 712 3)
959 669 1167 710 Praefectus
1185 673 1372 714 praetorio
1395 670 1553 715 Basilius
1574 669 1652 711 fuit
1673 682 1705 705 α.
1720 673 1787 705 458

78 726 220 771 (novell.
237 726 430 760 Maiorian.
447 727 482 760 2.
498 728 528 760 6.
544 725 593 770 7).
641 726 736 759 Idem
760 726 885 759 consul
907 724 982 765 fuit
1005 737 1038 760 a.
1062 727 1139 770 465,
1163 727 1324 770 idemque
1346 730 1567 761 memoratur
1589 739 1612 760 a
1636 727 1785 762 Sidonio

74 783 282 826 Apollinari
305 793 358 826 ep.
381 783 413 825 4,
429 784 462 816 9.

186 872 268 918 811
405 874 518 914 salvis
585 873 647 913 dd.
709 887 779 913 nn.
1055 874 1183 914 Celius
1216 871 1424 930 Aeoniu[s]

404 942 538 981 Leone
590 947 628 981 et
674 941 787 981 Libio
1061 941 1304 982 Probianus²
1335 954 1443 994 prae.

405 1009 572 1048 Seven-0¹
598 1021 665 1061 pp.
687 1009 787 1061 Aug.
1059 1014 1183 1062 praet.
1214 1009 1320 1049 feeit.

194 1075 335 1109 Tabella
359 1075 514 1108 eiusdem
536 1077 690 1118 generis,
712 1075 842 1108 Romae
865 1079 907 1109 ut
928 1076 1069 1108 videtur
1091 1077 1132 1108 in
1152 1076 1296 1108 aedibus
1311 1075 1522 1109 Barberinie
1538 1074 1680 1118 (Maffei
1694 1086 1784 1110 mus.

78 1133 207 1166 Veron.
229 1142 267 1174 p.
290 1133 368 1174 264,
384 1132 433 1176 6).
464 1151 507 1157 —
544 1133 576 1173 1)
600 1131 725 1165 Livius
755 1131 906 1165 Severus
933 1134 1101 1174 regnavit
1129 1143 1162 1165 a.
1185 1131 1367 1165 464-465.
1397 1151 1442 1156 -
1476 1133 1508 1174 2)
1533 1131 1685 1166 Videtur
1715 1143 1788 1165 esse

76 1189 275 1222 Probianus
299 1188 425 1221 consul
447 1188 525 1222 ord.
550 1199 582 1222 a.
606 1189 666 1221 474
677 1201 691 1229 ,·
714 1187 762 1228 cf'.
787 1191 894 1221 etiam
917 1188 1061 1221 Bruzza
1084 1188 1177 1222 Bull.
1201 1198 1291 1223 com.
1316 1188 1402 1222 4878
1419 1199 1457 1232 p.
1474 1189 1550 1223 437.

192 1276 279 1325 812
555 1280 668 1320 salvis
744 1281 806 1320 dd.
1042 1279 1157 1319 Publi
1179 1310 1189 1319 .
1212 1310 1221 1320 .
1244 1280 1271 1320 .²

553 1361 622 1388 nn.
670 1347 805 1387 Leone
1038 1347 1172 1387 Rufini
1195 1377 1203 1387 .
1227 1377 1237 1387 .
1259 1378 1269 1388 .

551 1415 802 1455 etAntemi0¹
1038 1415 1165 1455 Valeri
1194 1445 1202 1454 .
1226 1446 1235 1455 .
1258 1446 1267 1455 .

191 1481 337 1515 Tabella
361 1481 514 1514 eiusdem
535 1483 697 1523 generis,
733 1482 819 1515 olim
843 1483 882 1514 in
907 1481 1097 1523 Hungaria
1121 1484 1159 1514 in
1183 1492 1301 1515 museo
1331 1481 1478 1527 W'iczay
1502 1481 1608 1526 (Mus.
1636 1481 1788 1526 Wiczay

76 1539 148 1572 vol.
173 1538 212 1571 II
232 1538 346 1583 add).
371 1556 413 1562 -
441 1539 471 1580 1)
501 1538 712 1571 Anthemius
741 1539 908 1581 regnavit
938 1539 980 1570 ab
1005 1549 1039 1572 a.
1061 1539 1124 1571 467
1155 1537 1204 1571 ad
1225 1549 1257 1572 a.
1281 1538 1357 1572 472.
1387 1557 1432 1563 —-
1461 1539 1494 1581 2)
1518 1537 1601 1572 Non
1629 1540 1789 1581 integros

77 1605 149 1627 esse
175 1595 238 1628 hos
260 1594 463 1637 versiculos,
489 1605 702 1638 quamquam
726 1598 768 1628 ut
790 1596 926 1638 integri
949 1595 1171 1637 exhibentur,
1196 1599 1356 1639 apparet.

190 1683 275 1729 813
549 1686 661 1727 salvis
677 1686 823 1726 dd.nn.
1049 1686 1228 1726 Plotinus
1265 1686 1346 1726 Eus

552 1760 590 1793 et
691 1754 831 1806 patrici
1052 1754 1196 1794 tathius
1234 1766 1268 1793 v,
1307 1766 1341 1793 e.

553 1834 576 1860 o
610 1821 827 1860 Ricimere¹
1053 1820 1141 1860 urb.
1162 1833 1221 1873 pr.
1239 1821 1342 1860 fecit.

195 1886 336 1920 Tabella
361 1897 470 1920 aenea
495 1888 649 1920 eiusdem
670 1890 826 1930 generis,
850 1887 1001 1929 Neapoli
1021 1889 1119 1919 venit
1144 1887 1348 1920 Berolinu'm
1372 1889 1412 1921 in
1435 1889 1785 1934 nummophylacium

77 1942 128 1986 (X
139 1942 239 1984 8072,
255 1944 296 1983 4;
319 1943 351 1976 J.
366 1943 610 1977 Fricdliinder
626 1945 800 1979 Zeitschr.
823 1943 851 1983 f.
868 1943 1042 1977 Numism.
1057 1945 1090 1985 9,
1107 1944 1194 1977 4882
1215 1954 1251 1986 p.
1268 1944 1317 1987 4).
1342 1963 1386 1968 —
1413 1945 1446 1986 1)
1463 1944 1617 1979 Ricimer
1640 1947 1788 1980 decessit

76 2009 110 2032 a.
134 1999 210 2039 472,
231 1999 357 2041 paullo
376 2002 566 2042 postquam
590 2001 779 2033 Anthemio
803 1999 1035 2032 substituerat
1059 1999 1272 2043 Glycerium.

190 2088 275 2134 814
554 2090 657 2130 salvo
708 2091 743 2130 d.
799 2104 838 2130 n.
1073 2091 1315 2131 AudaXV.e.²

551 2158 649 2198 Iulio
666 2158 836 2209 Nepote*
1069 2159 1291 2210 praefectus

551 2238 618 2278 pp.
649 2227 746 2278 Aug.
1067 2225 1154 2265 urb.
1201 2227 1293 2266 fecit

197 2291 341 2325 Tabella
365 2292 519 2325 eiusdem
538 2294 693 2335 generis,
716 2292 889 2334 Belgradi
911 2301 985 2334 rep.
1013 2290 1083 2334 (III
1105 2292 1234 2336 6555);
1256 2293 1383 2326 similis
1406 2293 1490 2326 olim
1513 2293 1636 2326 extitit
1656 2291 1787 2326 Romae

80 2348 193 2391 (Doni
216 2349 292 2388 402,
317 2348 382 2381 456
405 2359 452 2381 ex
473 2348 610 2382 schedis
635 2348 715 2382 bibl.
742 2347 845 2390 Vat.;
869 2347 1082 2381 Sirmondus
1105 2349 1153 2381 ad
1175 2349 1319 2382 Sidonii
1341 2360 1393 2392 ep.
1419 2351 1452 2390 8,
1472 2348 1522 2393 7).
1543 2367 1591 2374 -
1615 2350 1646 2390 1)
1670 2347 1787 2391 Nepos

76 2405 243 2446 regnavit
266 2415 298 2437 a.
321 2404 393 2438 474.
426 2424 471 2428 —
506 2406 540 2446 2)
562 2405 621 2438 Ad
652 2406 746 2438 hunc
768 2405 950 2438 Audacem
980 2404 1065 2437 data
1097 2408 1149 2437 est
1171 2405 1321 2448 epistula
1351 2406 1495 2440 Sidonii
1508 2406 1542 2448 8,
1556 2404 1588 2438 7.
1613 2404 1788 2439 Castalius

78 2459 252 2492 Innocens
268 2460 403 2493 Audax
428 2462 490 2503 qui
512 2462 552 2493 in
574 2460 806 2504 praefectura
830 2462 930 2494 urbis
941 2462 1065 2503 posuit
1085 2462 1228 2494 titulum
1247 2462 1301 2495 VI
1312 2462 1408 2503 4665,
1432 2471 1517 2494 num
1534 2461 1628 2494 idem
1650 2462 1707 2503 sit,
1731 2463 1788 2494 in-

79 2518 225 2549 certum.

189 2636 275 2684 815
319 2639 357 2679 b.
389 2640 415 2679 f.
447 2641 493 2680 s.¹
521 2638 527 2693 Ι
553 2640 616 2679 dd.
650 2654 718 2680 nn.
750 2642 895 2682 Leonis
925 2649 964 2682 et
988 2642 995 2695 Ι
1022 2642 1205 2683 Anthemi
1234 2641 1376 2694 Augg?

197 2705 417 2748 Tarracone,
447 2706 569 2739 tabula
603 2716 802 2740 marmorea
836 2707 891 2750 (II
910 2709 994 2742 4409
1019 2709 1128 2742 deser.
1153 2708 1345 2753 Huebner).
1368 2727 1414 2733 —
1439 2709 1471 2751 1)
1494 2707 1655 2740 Incertae
1676 2708 1788 2749 signi-

80 2762 263 2804 ficationis
286 2762 447 2803 litterac,·
471 2763 599 2795 bonum
623 2761 774 2805 factum,
796 2763 917 2806 saluti,
937 2767 1129 2808 proposuit
1151 2765 1323 2798 Huebner.
1349 2784 1389 2790 -
1416 2765 1450 2806 2)
1473 2764 1516 2799 A.
1532 2763 1715 2798 467—472.

192 2942 276 2988 816
320 2945 357 2983 d.
389 2957 429 2984 n.
460 2943 639 2984 Placidus
660 2943 957 2984 Valentinianus
986 2946 1075 2997 pius
1104 2946 1195 2986 felix
1217 2946 1315 2998 Aug.
1347 2945 1539 2986 dedicavit
1568 2946 1683 2986 aedes
1711 2945 1784 2986 sci.

80 3023 125 3052 ac
156 3011 365 3053 beatissimi
396 3011 577 3064 martyris
606 3011 835 3052 Laurentii.¹
