1968 3268
787 158 902 196 Tituli
922 158 1110 195 milit-ses.
1661 189 1667 192 .
1711 155 1793 194 551

215 273 329 320 2785
371 275 430 316 Fl.
452 275 695 316 Gaudentius
724 288 758 315 v.
788 275 841 315 d.¹
870 287 910 327 p.
939 281 968 314 t.
998 274 1024 314 l.
1055 273 1111 314 d.²
1138 279 1178 313 et
1206 272 1407 313 Honorata
1435 271 1612 311 coniunx
1637 269 1644 324 Ι
1670 271 1708 311 d.
1738 277 1795 323 pt.

98 356 140 384 n.
170 343 297 396 Sept.³

210 409 342 443 Romae
365 409 425 454 (de
440 408 540 443 Rossi
555 409 639 443 buu.
663 420 750 444 com.
767 410 855 443 4875
872 420 911 452 p.
926 408 968 442 54
994 409 1064 441 tab.
1079 409 1116 451 5,
1140 408 1223 442 buu.
1248 409 1346 440 crist.
1361 406 1448 440 4875
1468 417 1505 449 p.
1520 406 1601 450 52).
1616 424 1663 431 -
1679 407 1713 447 1)
1731 405 1799 439 Vir

98 466 254 500 devotus.
276 485 322 491 -—
346 466 380 507 2)
402 465 585 499 Protector-
615 466 738 499 lateris
767 466 883 499 divini
912 465 972 508 (ex
1004 464 1222 508 protectorib.
1253 462 1394 504 Interim
1425 463 1531 496 divini
1558 463 1799 505 perscriptum

100 523 233 566 lagiae
260 523 302 555 in
332 522 438 555 titulo
461 522 663 556 Dalmatico
695 523 781 555 anni
801 523 888 562 280,
921 521 955 555 0.
981 521 1035 554 111
1056 521 1162 561 4805,
1194 523 1283 563 prot.
1314 519 1420 553 divini
1442 519 1559 552 lateris
1583 519 1671 561 Aug.
1695 528 1728 552 n.
1757 519 1799 550 in

99 579 207 613 titulo
229 577 384 620 sortasse
414 581 547 621 scripto
577 582 660 612 ante
688 589 822 612 annum
843 579 927 618 269,
963 578 1066 612 Orell.
1090 577 1176 611 4869
1206 576 1254 616 cll
1279 576 1370 619 Epa·
1394 587 1446 619 ep.
1470 577 1494 609 5
1522 586 1558 618 p.
1582 575 1659 615 424,
1681 575 1730 618 4).
1753 593 1799 600 -

99 634 136 681 3)
157 635 329 678 Deposita
350 637 457 668 nonis
478 634 748 678 Septembribus.

213 747 350 795 2785·
398 752 559 796 (corona,
584 753 761 792 columba)
794 749 835 789 in
852 749 929 789 hoc
948 749 1039 788 locu
1060 747 1261 800 depositus
1276 754 1336 788 est
1360 746 1367 797 Ι
1393 746 1576 786 Eareter¹
1598 752 1801 799 protector

101 800 353 865 domesticus,
379 815 387 870 Ι
414 816 482 868 qui
510 816 604 856 vixit
632 829 762 857 annus
791 816 906 865 XXV,
935 816 1147 868 requiescit
1172 814 1179 870 Ι
1205 816 1246 856 in
1276 827 1425 867 pacem.

213 883 342 918 Romae
365 883 473 926 (Eph.
495 885 608 925 epigr.
631 884 663 923 4,
686 883 755 918 945
776 883 869 916 vidit
899 884 945 916 de
964 881 1092 924 Bessi).
1116 901 1161 906 —
1187 883 1219 925 1)
1242 880 1382 915 Nomen
1412 880 1613 920 insolitum,
1646 878 1802 919 fortasse

99 950 123 974 a
147 939 382 984 quadratario
406 942 625 983 corruptum.

178 1060 182 1066 ·
214 1041 330 1088 2786
370 1043 436 1083 hic
463 1043 565 1083 iacet
593 1042 797 1082 Heraclius
828 1042 920 1082 civis
945 1041 953 1095 Ι
978 1042 1177 1082 secundus
1206 1043 1366 1091 Retus¹‚
1397 1041 1499 1082 filius
1528 1038 1724 1095 Lupicilui
1754 1051 1801 1079 ex

99 1111 343 1166 presidibus,
381 1110 450 1162 qui
478 1110 552 1150 fuit
576 1109 583 1163 Ι
608 1110 856 1162 praepositus
894 1110 1060 1149 militum
1092 1108 1099 1163 Ι
1135 1109 1365 1151 Fotensium
1374 1109 1400 1157 ²,
1441 1115 1481 1149 et
1516 1109 1612 1148 vixit
1644 1109 1651 1158 Ι
1686 1106 1802 1147 annis

99 1179 249 1227 XXXV,
279 1179 367 1231 dep.
388 1177 460 1218 XII
488 1177 564 1218 kal.
591 1176 598 1230 Ι
624 1178 823 1230 Augustus
844 1182 941 1226 (sie).
981 1181 1039 1225 (In
1054 1182 1170 1215 medio
1188 1182 1304 1225 lapide
1314 1186 1479 1225 protome
1494 1180 1667 1222 defuncti,
1690 1190 1801 1222 supra

102 1247 374 1290 inscriptionem
396 1254 667 1287 monogramma
693 1244 826 1278 Christi
849 1255 929 1278 cum
952 1245 1124 1277 columbis
1145 1244 1311 1284 duabus).

213 1312 344 1347 Romae
367 1311 475 1356 (Eph.
498 1314 611 1355 epigr.
634 1314 666 1352 4,
687 1314 755 1346 945
778 1313 869 1345 vidit
891 1312 934 1345 de
956 1311 1086 1353 Ros-si).
1102 1331 1146 1336 —
1172 1314 1205 1354 1)
1228 1311 1395 1354 Intellege
1417 1322 1465 1344 ατ
1486 1310 1612 1345 Raetia
1634 1309 1802 1344 secunda.

102 1389 147 1396 —-
173 1371 208 1412 2)
232 1369 384 1403 Videtur
405 1369 630 1402 scribendum
654 1379 747 1401 esse.-
769 1369 1020 1409 Fortensium;
1043 1368 1172 1401 milites
1186 1368 1377 1402 Fortenses
1397 1370 1539 1410 saepius
1559 1368 1804 1400 memorantur

101 1427 143 1460 in
165 1425 306 1460 Notitia
327 1427 481 1469 imperii.
923 1450 954 1458 Α,

220 1526 335 1573 2787
377 1527 435 1566 Fl.
474 1527 633 1567 Iovinus
670 1539 718 1566 ex
746 1539 786 1579 p.
824 1524 911 1581 pst}
945 1527 1111 1566 militum
1149 1526 1410 1566 Histricorum
1445 1525 1452 1578 Ι
1494 1532 1532 1565 et
1570 1525 1627 1565 Fl.
1658 1525 1802 1565 Paulus

104 1595 275 1643 him-cus,
302 1593 310 1649 Ι
335 1601 447 1648 pater
475 1601 515 1635 et
542 1595 657 1642 filius,
687 1594 873 1634 domum²
897 1593 903 1648 Ι
930 1607 951 1634 a
982 1594 1247 1634 fundamentis
1272 1593 1278 1646 Ι
1305 1594 1506 1634 iusserunt
1534 1593 1730 1632 fabricari.

218 1673 262 1707 In
284 1674 481 1715 Pannonia,
503 1674 599 1705 inter
624 1670 714 1712 Ofen
745 1675 779 1704 et
801 1671 1144 1714 Stulnlweissenburg
1174 1672 1251 1705 loco
1275 1672 1371 1704 dicto
1397 1671 1519 1712 Csutlz,
1548 1680 1646 1703 nunc
1668 1670 1804 1703 Pestini

107 1729 181 1774 (111
199 1730 294 1764 5570
315 1729 408 1762 vidit
428 1728 647 1770 Mommsen).
663 1747 708 1753 -—
728 1730 760 1769 1)
776 1729 837 1762 Ex
856 1730 1072 1771 praeposito.
1089 1747 1130 1752 —
1151 1730 1185 1770 2)
1208 1729 1263 1761 De
1286 1729 1389 1761 demo
1412 1730 1556 1771 privata
1581 1728 1716 1770 accipit
1732 1725 1802 1760 Mo.

129 1890 133 1894 Α
217 1841 334 1889 2788
377 1843 478 1882 bene
515 1842 697 1894 pausanti
732 1842 772 1881 in
807 1854 922 1894 pace,
968 1841 1027 1881 Fl.
1064 1842 1253 1881 Memorio
1283 1854 1317 1880 v.
1355 1854 1394 1894 p.
1441 1841 1509 1892 qui
1545 1840 1655 1880 milit.
1670 1841 1695 1892 «Ι
1730 1840 1803 1879 int.

105 1912 286 1954 Iovianus
305 1923 432 1951 annos
452 1909 621 1958 XXVIII,
649 1921 736 1962 pro.
758 1909 877 1948 dom.¹
898 1921 962 1948 an.
984 1909 1047 1957 vl,
1077 1909 1200 1962 prae.²
1219 1908 1401 1949 lanciaris
1423 1904 1671 1963 se[nioribus]
1694 1937 1704 1947 .
1728 1938 1737 1947 .
1760 1937 1771 1947 .
1794 1938 1804 1947 .

106 1980 182 2021 rib.
201 1991 266 2019 an.
287 1978 354 2027 ΠΙ,
385 1990 518 2018 comes
540 1977 626 2030 ripe
654 1989 718 2016 an.
740 1976 770 2024 Ι,
801 1989 902 2016 com.
923 1976 1088 2016 Mauret.
1108 1977 1223 2029 Ting.
1245 1989 1309 2017 an.
1330 1976 1416 2025 1111,
1443 1974 1450 2029 Ι
1474 1977 1549 2015 vix.
1570 1988 1634 2015 an.
1657 1974 1803 2022 LXXV,

111 2046 307 2088 Praesidia
337 2041 549 2099 coni[unm]
581 2044 723 2084 marito
753 2045 990 2085 dulcissimo.

220 2112 379 2152 Arelate,
402 2121 498 2144 nunc
521 2110 711 2153 Massiliae,
734 2112 980 2154 sarcophagus
1002 2110 1087 2150 (XII
1107 2111 1175 2144 675
1195 2111 1287 2143 vidit
1303 2108 1533 2154 Hirschfeld).
1550 2129 1591 2134 —
1622 2108 1804 2142 Tractavit

109 2168 243 2203 Iullian
268 2166 352 2201 buu.
378 2165 489 2210 e'pigr.
513 2168 544 2207 4,
568 2167 654 2200 4884
672 2177 710 2210 p.
734 2167 836 2210 iseq.
860 2185 906 2192 -
931 2168 963 2209 1)
986 2167 1170 2200 Protector
1193 2167 1412 2199 domesticus.
1436 2184 1481 2190 —
1505 2167 1539 2208 2)
1562 2164 1736 2205 Praefmt.

220 2280 336 2327 2789
380 2285 664 2329 (monogramma
697 2285 829 2319 Christi
860 2295 939 2318 cum
964 2285 1093 2318 litteris
1116 2286 1142 2319 Α
1167 2287 1200 2317 et
1222 2283 1268 2326 Ω)
1293 2280 1332 2320 b.
1356 2282 1422 2320 m.¹
1449 2279 1456 2332 Ι
1481 2280 1626 2319 Derdio
1655 2292 1702 2319 ex
1732 2280 1803 2319 tri-

108 2351 220 2392 buno
248 2349 425 2390 militavit
452 2361 546 2389 ann.
571 2348 578 2403 Ι
613 2348 680 2389 XL
710 2348 781 2388 int.
812 2348 990 2388 lovianos
1019 2361 1118 2395 sen„
1154 2348 1248 2387 vixit
1276 2360 1367 2387 ann.
1400 2347 1545 2394 LXXV,
1572 2347 1579 2399 Ι
1605 2359 1688 2399 req.
1718 2345 1803 2386 XVI

111 2418 189 2460 kal.
220 2417 315 2465 Ian..
345 2417 524 2457 memori.
555 2417 629 2457 sibi
659 2423 698 2456 et
723 2414 729 2470 Ι
755 2416 869 2455 uxori
897 2427 990 2456 suae
1021 2415 1260 2456 Gaudentiae
1288 2414 1392 2455 fecit.

227 2484 422 2518 Mediolani
450 2486 489 2516 in
520 2483 666 2517 ecclesia
695 2482 732 2516 S.
763 2483 944 2516 Ambrosii
974 2481 1030 2525 (V
1052 2482 1142 2516 6245
1174 2482 1263 2515 vidit
1293 2480 1512 2524 Mommsen).
1541 2499 1586 2505 —
1620 2483 1652 2522 1)
1683 2480 1805 2513 Bonae

107 2551 309 2576 mortae.

222 2640 339 2688 279⁰
379 2642 417 2682 b.
447 2643 515 2682 m.¹
546 2642 586 2682 in
616 2653 735 2694 pace,
774 2641 853 2681 Fla.
884 2641 1011 2693 Higgo
1048 2641 1242 2682 scutarius
1277 2640 1383 2681 scola
1419 2640 1570 2689 tertia²,
1608 2641 1676 2692 qui
1712 2641 1806 2680 vixit

67 2761 76 2765 ,
114 2723 243 2752 annus
279 2723 319 2762 p.
349 2722 401 2749 m.
430 2708 551 2756 XXV,
590 2715 629 2749 et
665 2709 839 2749 militavit
871 2721 1001 2749 annus
1035 2708 1106 2757 VI,
1143 2714 1332 2749 coenatus
1371 2708 1617 2748 dulcissimus
1654 2708 1805 2748 sororio

111 2778 378 2819 amantissimo
408 2789 442 2816 c.
473 2790 512 2817 u.
542 2788 593 2816 m.
623 2776 679 2829 μ’

226 2844 377 2878 Brixiae
400 2841 454 2885 (V
472 2843 559 2877 4569
580 2842 686 2875 semel
707 2842 882 2885 descripta
904 2852 993 2877 saec.
1017 2841 1111 2886 XV).
1127 2861 1171 2866 —
1190 2844 1222 2883 1)
1244 2841 1365 2875 Bonae
1386 2843 1587 2874 memoriae.
1603 2858 1648 2865 —
1667 2841 1699 2882 2)
1716 2835 1806 2874 ‘Sub

113 2901 346 2945 dispositione
368 2900 441 2931 viri
464 2898 615 2931 illustris
638 2899 805 2941 magistri
827 2893 1051 2938 officiorum'
1075 2900 1113 2931 in
1133 2898 1275 2931 Oriente
1296 2897 1434 2930 scholas
1450 2900 1690 2930 scutariorum
1706 2897 1806 2939 duas,

113 2959 154 2991 in
181 2956 366 2990 Occidente
389 2957 460 2987 tres
482 2957 639 2987 recenset
661 2953 800 2987 Notitia
825 2954 1051 2997 dignitatum.
1076 2972 1117 2978 -—
1144 2954 1179 2995 3)
1204 2952 1290 2987 Cum
1314 2964 1429 2987 mcor-e
1459 2954 1665 2986 memoriam
1685 2955 1807 2996 posuit

115 3012 213 3057 (Hm,
237 3011 432 3054 dubitans).
