1968 3268
136 114 219 152 400
382 118 384 121 '
894 115 1013 160 Caput
1035 115 1100 150 IX.

135 247 335 289 veterana,
364 242 412 293 (5)
438 242 455 280 Ι
485 243 694 288 Asturum,
726 241 774 290 (6)
806 240 842 279 ΙΙ
868 240 1195 303 Aquitanorum—,
1207 242 1258 293 (7)
1289 242 1325 282 11
1347 242 1573 295 Cyrenaica,
1603 246 1653 294 (8)
1679 244 1714 286 ΙΙ
1743 243 1845 287 Rae-

134 315 278 357 torum,
311 311 357 359 (9)
387 309 442 349 III
473 309 750 356 Delmatarum,
782 309 849 359 (10)
880 308 933 348 ΙΙΙ
965 315 1004 348 et
1033 310 1103 359 (11)
1117 299 1195 348 1—111
1221 309 1524 361 Aquitanorum‚
1556 298 1718 364 (ml—{ll
1702 313 1845 355 lVin-

139 376 313 424 delieor„
345 375 415 426 (13)
447 376 476 414 V
508 376 794 425 Dalmatarum,
826 377 893 427 (14)
925 377 992 416 Vll
1022 377 1270 426 Raetorum³,
1310 390 1411 429 quae
1441 386 1535 420 sunt
1563 381 1605 421 in
1636 381 1846 422 Germania

141 444 347 496 superiore
376 443 449 483 sub
485 440 574 498 [L.]
606 443 789 483 Iavoleno
820 444 993 492 Prisc0⁴,
1024 445 1118 484 item
1147 445 1316 486 dimissis
1346 446 1511 488 honesta
1540 449 1729 489 missione
1758 450 1846 501 qui-

136 512 197 551 nis
237 517 275 550 et
310 511 459 551 vicenis
497 511 725 562 pluribusve
763 511 969 562 stipendiis
999 512 1192 556 emeritis,
1233 525 1402 565 quorum
1433 515 1595 556 nomina
1624 516 1845 570 subscripta

135 586 249 619 sunt:
288 579 383 630 ipsis
422 579 559 619 liberis
598 579 849 631 posterisque
887 592 1025 619 eorum
1065 580 1255 620 civitatem
1295 580 1402 621 dedit
1439 587 1479 622 et
1507 583 1726 624 conubium
1755 597 1845 625 cum

137 645 346 694 uxoribus,
385 658 482 697 quas
511 652 608 686 tunc
639 645 870 686 habuissent
910 660 999 686 cum
1031 653 1090 687 est
1119 647 1253 688 civitas
1282 648 1330 688 iis
1359 648 1467 699 data,
1498 657 1566 691 aut
1594 651 1627 692 si
1657 651 1724 703 qui
1754 663 1844 692 cae-

137 713 236 753 libes
266 720 409 762 essent,
442 725 531 753 cum
563 714 609 755 iis
631 726 728 766 quas
747 719 881 766 postea
903 715 1106 755 duxissent
1127 716 1328 755 dumtaxat
1347 716 1492 769 singuli
1512 718 1700 771 singulas.
1739 719 1785 759 A.
1806 719 1844 759 d.

137 772 191 820 Vl*
217 782 255 821 k.
286 781 496 822 Novembr.
554 781 669 821 Albio
700 781 903 821 Pullaieno
934 782 1125 831 Pollione,
1156 783 1227 823 Cn.
1262 783 1450 836 Pompeio
1480 785 1664 838 Longino
1693 788 1791 828 cos-⁸

253 850 406 889 cohort.
441 839 477 888 1-
498 850 786 901 Aquitanorum
818 855 1038 898 veteranae,
1071 851 1133 890 cui
1165 857 1296 903 praest
1326 851 1376 891 M.
1399 853 1613 894 Arrecinus
1633 854 1842 903 Gemellus,

137 917 282 968 equiti:
314 917 517 969 Mucapori
548 916 777 969 Eptacentis
805 917 831 955 f.
863 917 1002 956 Thrac.

248 985 497 1037 Descriptum
528 991 567 1025 et
596 985 845 1036 recognitum
877 997 923 1024 ex
955 984 1087 1029 tabula
1117 997 1258 1034 aenea,
1298 999 1398 1038 quae
1428 988 1503 1028 fixa
1535 993 1595 1029 est
1624 989 1772 1030 Romae
1801 990 1842 1030 in

135 1065 251 1092 muro
286 1059 387 1110 post
406 1053 596 1106 templum
627 1053 702 1092 divi
733 1052 832 1104 Aug.
864 1053 910 1091 ad
943 1053 1190 1095 Minervam.⁰
1248 1054 1295 1100 Q.
1327 1055 1430 1095 Muci
1460 1056 1684 1108 Augustalis
1713 1079 1763 1087 —-
1798 1058 1841 1098 L.

137 1120 237 1159 Pulli
269 1120 490 1160 Verecundi
521 1144 576 1149 —-
607 1119 648 1159 C.
682 1120 839 1160 Lucreti
871 1120 1034 1160 Modesti
1057 1144 1108 1149 ——
1131 1121 1172 1160 C.
1205 1121 1370 1173 Pompei
1401 1122 1604 1175 Eutrapeli
1629 1148 1685 1154 —
1704 1125 1745 1165 C.
1767 1125 1841 1165 Iuli

140 1188 352 1228 Clementis
381 1211 435 1217 —
466 1187 514 1233 Q.
539 1187 641 1226 Vetti
673 1186 807 1227 Octavi
837 1211 892 1216 —
923 1188 966 1227 L.
998 1188 1097 1228 Pulli
1128 1188 1295 1228 Ianuari.

249 1266 456 1309 Diptyclzon
481 1275 639 1306 aeneum,
662 1275 735 1307 rep.
753 1265 976 1307 Mogontiaci
991 1266 1099 1308 (Epk.
1116 1277 1167 1308 ep.
1183 1267 1206 1299 5
1229 1276 1264 1308 p.
1281 1267 1377 1310 652).
1393 1286 1438 1291 —
1457 1269 1489 1309 1)
1512 1268 1557 1303 A.
1572 1270 1627 1303 90.
1642 1288 1689 1293 —
1705 1270 1738 1311 2)
1758 1268 1844 1302 Tres

135 1333 181 1355 ex
206 1323 260 1355 his
284 1322 352 1355 alis
375 1322 525 1354 redeunt
547 1331 658 1363 supra
675 1321 721 1354 N.
738 1321 833 1355 4995.
881 1322 951 1355 Ala
970 1324 1091 1364 prima
1115 1323 1357 1364 singularium
1375 1327 1564 1366 praeterea
1586 1325 1628 1357 in
1653 1324 1844 1358 Germania

134 1390 207 1412 non
223 1382 365 1422 reperta
390 1382 450 1420 est,
473 1379 656 1420 reperitur
671 1380 710 1410 in
725 1377 862 1419 Raetia,
885 1380 1042 1421 primum
1067 1389 1099 1411 a.
1116 1378 1178 1412 407
1203 1378 1321 1418 (infra
1336 1378 1381 1412 N.
1397 1379 1518 1423 2002).
1536 1397 1576 1404 —
1597 1381 1631 1423 3)
1654 1380 1846 1424 Pleraeque

133 1448 179 1469 ea.-
195 1438 250 1469 his
267 1437 469 1469 cohortibus
484 1435 635 1467 redeunt
650 1436 689 1467 in
706 1436 1018 1468 constitutionibus
1033 1436 1122 1467 anni
1137 1434 1177 1468 74
1195 1437 1228 1467 et
1244 1436 1334 1468 anni
1348 1436 1395 1468 82
1412 1436 1538 1478 (supra
1553 1434 1599 1470 Ν.
1616 1436 1714 1471 4992.
1730 1436 1845 1481 4995),

131 1494 251 1536 prima
270 1492 399 1525 Flavia
424 1492 728 1524 Damascenorum
752 1493 787 1523 et
805 1493 926 1533 prima
951 1491 1208 1534 Delmatarum,
1234 1502 1324 1534 quae
1347 1493 1399 1524 ibi
1422 1491 1681 1533 desiderantur,
1705 1494 1746 1525 in
1762 1503 1844 1526 eon·

133 1551 319 1581 stitutione
335 1560 367 1582 a.
386 1548 457 1582 116.
491 1547 543 1588 Cf.
562 1548 604 1580 de
621 1548 826 1581 cohortibus
842 1549 1021 1580 exercitus
1040 1547 1251 1581 Germaniae
1267 1549 1464 1591 superioris
1480 1548 1695 1582 Hammon-an
1713 1548 1843 1584 Wesed.

135 1606 308 1639 Zeitschr.
324 1606 345 1637 4
364 1615 401 1647 p.
417 1605 491 1638 484.
507 1624 552 1629 —
569 1606 603 1646 4)
623 1603 676 1643 Cf.
702 1614 813 1646 supra
830 1602 875 1637 N.
892 1604 988 1637 4015.
1005 1623 1050 1628 —
1067 1606 1100 1647 5)
1116 1604 1161 1638 27
1180 1604 1253 1638 Oct.
1272 1606 1353 1645 (90;
1376 1604 1560 1638 consulum
1573 1615 1644 1648 par
1656 1607 1843 1648 praetcrea

132 1664 316 1703 ignotum5
341 1661 432 1694 alter
447 1672 494 1694 ea:
510 1663 570 1704 eis,
596 1661 657 1695 Cn.
675 1662 861 1703 Pompeius
877 1660 1076 1703 Longinus,
1101 1672 1134 1694 a.
1157 1662 1201 1695 86
1225 1661 1365 1703 legatus
1386 1660 1511 1700 fuerat
1533 1661 1704 1702 Iudaeae,
1731 1661 1767 1695 G.
1789 1661 1846 1695 111

133 1729 168 1760 p.
192 1718 285 1761 857).
308 1736 355 1742 -
386 1719 419 1760 6)
443 1718 497 1750 De
521 1718 648 1760 templo
674 1717 751 1750 divi
772 1718 931 1760 Augusti
952 1719 1023 1750 sito
1056 1719 1096 1750 in
1120 1718 1260 1750 Palatio
1283 1716 1406 1756 forum
1435 1728 1575 1758 versus,
1605 1727 1699 1760 pone
1721 1717 1843 1751 aedem

135 1773 330 1816 Castorum,
345 1784 457 1817 prope
481 1774 648 1816 templum
665 1773 850 1807 Minervae
866 1785 887 1806 a
908 1774 1110 1807 Domitiano
1129 1774 1298 1816 dicatum,
1322 1772 1368 1813 cf.
1386 1774 1528 1807 Henzen
1543 1777 1613 1809 act.
1628 1775 1714 1808 Aru.
1732 1784 1771 1818 p.
1786 1775 1844 1807 55.

135 1831 176 1862 In
200 1841 303 1862 muro
328 1831 450 1872 aliquo
474 1833 555 1872 post
576 1830 617 1862 id
639 1830 808 1871 templum
831 1832 899 1862 sito
925 1833 1076 1873 apparet
1095 1832 1319 1873 propositam
1344 1841 1416 1863 csse
1439 1831 1532 1863 hanc
1555 1830 1843 1863 constitutionem

135 1897 230 1919 anno
254 1889 307 1927 90,
332 1888 417 1919 item
441 1886 603 1928 deinceps
626 1886 786 1928 reliquas
811 1896 930 1919 omnes
954 1887 1061 1919 huius
1071 1888 1238 1929 generis;
1262 1889 1379 1928 antea,
1404 1890 1496 1920 certe
1519 1897 1629 1929 usque
1646 1886 1696 1919 ad
1708 1896 1844 1919 annum

133 1944 175 1975 86
201 1942 254 1985 (C.
280 1943 338 1975 III
356 1953 391 1985 p.
417 1943 498 1984 857)
528 1943 799 1975 constitutiones
824 1943 930 1975 huius
949 1944 1095 1985 generis
1114 1944 1410 1986 proponebantur
1432 1945 1472 1976 in
1497 1942 1685 1986 Capitolio.

246 2052 358 2099 1999
415 2055 509 2106 imp.
551 2054 691 2093 Caesar
737 2055 812 2094 divi
857 2056 1005 2095 Nervae
1043 2057 1069 2095 f.
1109 2056 1234 2095 Nerva
1270 2056 1462 2096 Traianus
1506 2055 1705 2107 Augustus
1743 2055 1841 2096 Ger-

135 2122 313 2162 manicus
342 2122 518 2174 pontifex
550 2122 763 2170 maximus,
802 2122 987 2163 tribunic.
1018 2129 1200 2175 potestat.
1232 2123 1320 2171 111¹,
1360 2136 1440 2163 cos.
1471 2123 1527 2172 ΙΙ,
1558 2135 1597 2175 p.
1628 2135 1690 2175 p.,
1729 2123 1842 2175 equi-

133 2190 242 2230 tibus
271 2197 312 2230 et
340 2190 550 2243 peditibus,
591 2190 657 2242 qui
688 2191 858 2230 militant
887 2191 927 2230 in
959 2191 1029 2230 alis
1059 2190 1186 2230 tribus
1216 2197 1256 2230 et
1285 2190 1515 2230 cohortibus
1543 2197 1707 2243 septem,
1741 2202 1842 2243 quae

137 2259 385 2310 appellantur
416 2259 465 2310 (t)
496 2259 513 2297 Ι
542 2259 728 2298 Asturum
760 2264 798 2298 et
828 2258 876 2309 (2)
916 2258 930 2297 l
962 2258 1090 2298 Flavia
1120 2258 1372 2298 Gaetulorum
1405 2263 1445 2298 et
1478 2261 1527 2308 (3)
1557 2257 1573 2297 1
1604 2258 1839 2311 vespasiana

136 2325 430 2374 Dardanorum,
471 2334 509 2366 et
538 2329 590 2378 (1)
622 2326 638 2365 I
670 2325 884 2378 Lepidiana
917 2338 951 2364 c.
983 2326 1028 2365 R.
1059 2331 1098 2365 et
1126 2326 1176 2377 (2)
1206 2326 1223 2364 Ι
1252 2325 1462 2378 Tyriorum
1491 2330 1531 2365 et
1559 2325 1609 2377 (3)
1638 2325 1656 2364 Ι
1685 2325 1839 2366 Lusita—

139 2405 281 2431 norum
314 2393 525 2445 Cyrenaica
556 2400 595 2433 et
624 2395 672 2444 (4)
703 2393 737 2432 ΙΙ
759 2393 886 2433 Flavia
908 2393 1131 2432 Brittonum
1163 2399 1202 2432 et
1231 2391 1690 2446 (5)11Chalcidenorum
1721 2399 1760 2432 et
1790 2397 1841 2444 (6)

134 2459 188 2498 111
218 2467 256 2498 et
287 2463 337 2510 (τ)
358 2461 424 2500 VII
447 2461 659 2509 Gallorum,
693 2467 732 2500 et
763 2461 875 2501 classi
886 2460 912 2508 ²,
944 2467 983 2500 et
1006 2466 1101 2500 sunt
1119 2460 1160 2499 in
1182 2460 1327 2500 Moesia
1350 2459 1535 2500 inferiore
1555 2459 1630 2499 sub
1651 2459 1698 2506 Q.
1721 2460 1838 2500 Pom-

132 2528 254 2578 ponio
286 2525 411 2576 Ruso,
442 2529 534 2567 item
566 2529 734 2568 dimissis
763 2528 930 2568 honeste
960 2527 1166 2576 missione,
1199 2527 1265 2579 qui
1296 2527 1417 2579 quina
1447 2531 1486 2566 et
1513 2526 1648 2566 vicena
1678 2527 1839 2580 plurave

135 2594 328 2646 stipendia
358 2602 601 2641 meruerunt,
633 2607 803 2646 quorum
836 2596 996 2636 nomina
1026 2595 1246 2647 subscripta
1276 2600 1389 2634 sunt:
1420 2593 1515 2646 ipsis
1544 2593 1678 2634 liberis
1706 2601 1838 2648 poste-

136 2662 268 2712 risque
299 2674 438 2701 eorum
468 2662 661 2701 civitatem
692 2662 798 2702 dedit
828 2670 867 2703 et
896 2663 1111 2703 conubium
1132 2675 1223 2703 cum
1253 2661 1454 2709 uxoribus,
1480 2673 1576 2712 quas
1597 2668 1694 2702 tunc
1713 2661 1837 2702 habu-

137 2729 262 2768 issent
292 2725 382 2769 cum
420 2734 480 2769 est
518 2729 649 2769 civitas
688 2730 734 2769 iis
772 2731 882 2778 data,
913 2737 980 2770 aut
1007 2731 1040 2771 si
1069 2730 1137 2782 qui
1168 2728 1334 2769 caelibes
1365 2735 1515 2777 essent,
1545 2740 1635 2768 cum
1665 2729 1712 2768 iis
1741 2739 1838 2780 quas

138 2802 272 2847 postea
304 2797 508 2837 duxissent
536 2796 735 2836 dumtaxat
765 2797 910 2848 singuli
941 2798 1126 2849 singulas.
1176 2797 1221 2836 A.
1253 2797 1290 2836 d.
1321 2795 1409 2835 XIX
1438 2796 1476 2835 k.
1509 2796 1617 2848 Sept.
1648 2795 1694 2841 Q.
1715 2794 1835 2835 Fabio

138 2861 323 2911 Barbaro,
353 2864 397 2903 A.
429 2864 595 2903 Caecilio
625 2863 811 2903 Faustino
843 2866 937 2903 ρος.4

251 2942 331 2980 alae
363 2943 378 2981 I
407 2944 614 2989 Asturum,
652 2943 714 2982 cui
750 2949 882 2994 praest
913 2942 969 2981 Ti.
1003 2943 1123 2982 lulius
1153 2943 1209 2981 Ti.
1242 2943 1267 2981 f.
1298 2942 1397 2992 Pup.
1428 2938 1626 2991 Agricola,
1665 2939 1832 2991 gregali:

135 3005 276 3046 Metico
307 3009 420 3048 Solae
452 3011 492 3058 s.,
523 3011 655 3051 Besso.
