1968 3268
433 147 547 183 Tituli
569 121 829 194 imperatorum
853 147 1052 192 domusque
1074 147 1342 192 imperatoriae.
1691 148 1742 186 61

42 263 166 304 Ultori
195 269 366 311 taurum,
398 262 524 302 Genio
550 264 556 314 1
584 259 721 318 [ipsius
749 259 935 319 ta]urum.
963 268 969 316 Ι
995 263 1040 302 ln
1073 262 1240 314 collegio
1270 262 1482 303 adfuerunt
1502 263 1554 303 Μ.
1571 263 1748 305 Valerius
1775 271 1815 304 30

36 330 215 371 Messalla
244 330 449 378 Corvinus,
485 330 528 369 P.
558 329 767 370 Memmius
796 330 980 382 Regulus,
1008 330 1015 385 Ι
1042 326 1271 387 [SulpioiJus
1302 331 1553 379 Camerinus,
1583 331 1628 371 L.
1659 332 1744 372 Sal-

36 398 123 440 vius
152 398 257 439 Otho
286 398 478 438 Titianus.
511 396 516 451 1

153 461 214 521 [Τ.
244 462 443 520 Sea-hio
464 466 707 505 Africano
727 465 779 505 Μ.
803 466 1009 506 Ostorio
1040 466 1255 519 Scapula
1285 479 1382 507 cos.
1409 466 1496 521 1111
1526 468 1615 508 idus
1644 467 1746 520 Sep-

35 533 177 574 tembr.
202 534 211 586 Ι
238 529 296 588 [L.
326 533 414 574 Piso
444 532 485 572 L.
514 534 547 585 f.
578 530 781 589 ma]gister
810 534 965 585 collegii
994 535 1161 575 fratrum
1182 535 1379 575 Arvalium
1411 536 1574 576 nomine
1604 536 1746 575 immo·
1775 543 1814 576 35

37 601 129 642 lavit
156 601 198 641 in
229 601 420 654 Capitolio
450 613 524 653 pro
550 598 557 654 Ι
584 598 720 655 [salute
739 599 792 651 (P)
822 609 858 642 et
886 598 1075 656 r]editu²⁸
1098 603 1267 644 Neronis
1293 604 1428 644 Claudi
1449 604 1624 644 Caesaris
1643 604 1744 656 Aug.

35 669 259 709 Germanici
278 668 360 709 Iovi
380 669 520 709 bovem
539 680 703 716 marem,
732 668 878 708 Iunoni
905 669 914 722 ᾖ
941 666 1142 726 {vacam}
1168 671 1366 711 Minervae
1388 683 1556 720 vaccam,
1587 675 1678 712 item
1701 672 1742 712 in

37 738 126 777 foro
154 737 331 790 Augusto
361 736 487 777 Genio
516 735 654 788 ipsiius
682 741 854 784 taurum,
890 737 1012 777 Saluti
1042 750 1213 787 vaccam,
1239 739 1246 792 Ι
1274 736 1379 795 [ante
1408 736 1579 795 dom]um
1611 739 1744 780 Domi-

37 801 215 862 [tJianam
234 805 296 846 dis
313 804 528 844 Penatibus
546 816 716 844 vaccam.
742 802 750 857 Ι
776 804 822 843 In
847 805 1013 857 collegio
1034 806 1248 846 adfuerunt
1267 807 1310 846 P.
1332 807 1540 847 Memmius
1558 807 1747 860 Regulus,
1774 815 1815 848 ⁴10

37 872 83 913 1..
104 873 255 913 Salvius
277 872 381 913 Otho
402 872 593 921 Titianus,
620 873 626 922 Ι
656 868 716 927 [C.
744 869 963 928 Vipstanus]
995 869 1293 929 Ap[ro]nianus‚
1327 875 1376 914 Μ.
1403 875 1581 927 Aponius
1610 875 1746 915 Satur-

39 941 174 989 ninus,
204 939 250 980 T.
279 940 437 980 Sextius
466 940 686 979 Africanus.

148 1016 280 1051 Romae
302 1021 408 1051 atra
429 1021 574 1061 portam
597 1019 826 1051 Portuensem
850 1020 890 1050 in
914 1019 1016 1050 vinea
1043 1017 1252 1061 Ceeearelli,
1282 1020 1346 1052 ubi
1367 1017 1443 1059 fuit
1465 1020 1566 1052 lucus
1588 1019 1748 1059 fratrum

35 1073 236 1116 Arvalium,
260 1075 403 1108 tabulae
425 1080 647 1107 marmoreae
669 1074 772 1116 duae,
796 1075 914 1108 altera
940 1073 1002 1117 (N.
1026 1075 1113 1118 229)
1143 1085 1218 1118 rep.
1242 1086 1275 1109 a.
1299 1076 1395 1119 4866,
1419 1077 1536 1109 altera
1561 1075 1624 1119 (Ν.
1646 1077 1748 1121 230),

37 1141 128 1174 quae
158 1133 259 1164 varie
291 1129 412 1170 fracta
444 1133 510 1171 est,
540 1133 677 1173 partim
709 1142 741 1165 a.
766 1131 868 1174 4570,
899 1132 1034 1174 partim
1061 1129 1282 1171 fossionibus
1311 1133 1487 1165 institutis
1510 1144 1544 1166 a.
1568 1133 1655 1166 4868
1676 1144 1748 1175 seq.

37 1186 112 1230 (Vl
126 1187 225 1221 2044.
248 1187 339 1220 2042
363 1202 407 1215 --—
431 1188 574 1220 Henzen
597 1191 668 1221 act.
692 1188 781 1222 Aru.
800 1199 839 1231 p.
856 1187 974 1221 LXIX
982 1199 1054 1231 seq.
1061 1200 1076 1228 ,·
1098 1198 1171 1221 non
1195 1191 1290 1222 totas
1314 1189 1453 1222 tabulas
1475 1190 1679 1233 eaeseripse').
1703 1207 1748 1213 —

6 1257 9 1260 ·
38 1245 72 1286 1)
94 1243 360 1287 significantur
376 1244 420 1278 A.
435 1245 614 1277 Paeonius
637 1244 793 1278 Sabinus
816 1246 860 1279 A.
878 1245 1067 1277 Petronius
1088 1244 1207 1278 Lurco
1233 1245 1394 1278 consules
1415 1245 1559 1286 suffecti
1581 1257 1614 1279 a.
1629 1247 1687 1279 58.
1702 1264 1748 1271 -

37 1301 72 1341 2)
94 1300 182 1333 Dies
203 1302 348 1344 imperii
368 1299 525 1333 Neronis
548 1299 595 1340 es.
623 1298 655 1331 T
652 1310 704 1333 ae.
729 1311 812 1334 ann.
837 1301 894 1343 42,
908 1303 962 1335 69.
994 1319 1038 1325 -
1067 1302 1102 1343 3)
1125 1301 1259 1334 Frater
1282 1303 1341 1335 bic
1366 1302 1515 1335 Othonis
1542 1303 1606 1346 qui
1623 1304 1749 1344 postea

36 1358 237 1400 imperavit.
261 1375 307 1381 -
329 1358 365 1398 4)
388 1356 423 1389 Is
446 1357 510 1398 qui
531 1358 726 1399 imperavit
749 1368 780 1390 a.
797 1359 851 1392 69.
878 1376 920 1382 -
946 1360 980 1398 5)
1004 1358 1090 1390 Dies
1113 1358 1247 1391 natalis
1261 1359 1489 1402 Agrippinae
1510 1362 1618 1391 notus
1641 1359 1748 1390 etiam

35 1423 83 1446 ex
105 1411 213 1453 fastis
235 1414 443 1447 Antiatibus
467 1412 505 1455 (I
521 1424 557 1455 p.
580 1415 652 1448 529
673 1429 718 1441 =
738 1413 774 1446 X
796 1414 922 1457 6658),
951 1415 1015 1447 ubi
1046 1415 1267 1457 adscriptum
1292 1418 1344 1448 est
1367 1415 1507 1459 Agripp.
1531 1415 1591 1449 lul.
1617 1418 1686 1449 nat.
1704 1434 1747 1439 —

36 1469 71 1511 6)
96 1469 315 1503 Concordiae
337 1469 558 1502 immolatum
575 1481 596 1502 a
612 1469 793 1509 fratribus
809 1470 1004 1503 Arvalibus
1019 1482 1091 1504 non
1113 1473 1314 1505 invenimus
1329 1473 1404 1505 nisi
1417 1472 1601 1505 natalibus
1616 1473 1749 1515 Agrip-

35 1527 145 1569 pinae
167 1528 202 1558 et
216 1525 381 1559 Neronis.
405 1543 452 1551 —
475 1528 509 1568 ἵ)
533 1526 607 1559 Hoc
630 1526 687 1559 die
710 1537 742 1560 a.
758 1528 803 1559 54
826 1527 993 1559 videntur
1016 1526 1129 1566 s'uisse
1153 1530 1298 1562 comitia
1323 1530 1452 1571 quibus
1474 1527 1613 1562 Neroni
1636 1530 1749 1561 tribu-

35 1583 134 1616 nicia
147 1585 306 1625 potestas
321 1582 441 1615 delata
456 1585 528 1623 est‚·
552 1581 599 1622 cll
615 1582 766 1615 similem
782 1582 899 1615 locum
915 1587 1079 1621 actorum
1096 1586 1186 1618 anni
1200 1587 1243 1618 69
1261 1583 1379 1627 (infra
1396 1596 1431 1619 n.
1448 1585 1513 1619 244
1530 1596 1562 1618 υ.
1578 1586 1650 1629 60).
1696 1585 1751 1618 De

38 1639 195 1671 comitiis
217 1639 434 1671 tribuniciae
452 1640 644 1681 potestatis
667 1638 715 1678 es:
742 1638 936 1672 Mommsen
960 1639 1115 1675 Staatsr.
1133 1641 1262 1674 11839.
1288 1660 1330 1665 -
1357 1642 1390 1683 8)
1407 1641 1474 1674 Est
1490 1641 1550 1675 Cn.
1566 1642 1751 1675 Domitius

35 1695 293 1728 Ahenobarbus
309 1698 419 1737 pater
441 1693 598 1727 Neronis
622 1693 687 1738 (cf.
715 1694 798 1728 Tac.
822 1706 906 1728 ann.
929 1697 985 1736 45,
1009 1696 1079 1739 40).
1127 1697 1214 1729 Dies
1236 1697 1294 1730 111
1300 1698 1383 1730 idus
1405 1698 1489 1731 Dee.
1517 1696 1591 1737 fuit
1611 1699 1750 1732 natalis

36 1753 125 1795 eius,
145 1754 189 1784 ut
202 1753 343 1785 constat
357 1761 404 1784 eae
420 1753 511 1784 actis
528 1762 561 1784 a.
573 1751 628 1785 57.
647 1770 689 1775 —
706 1753 740 1794 9)
762 1751 847 1783 Dies
862 1753 995 1785 natalis
1010 1752 1178 1795 Neronis,
1194 1757 1301 1787 notus
1316 1756 1423 1787 etiam
1440 1765 1487 1787 ex
1503 1754 1598 1788 Suet.
1615 1754 1701 1789 Ner.
1717 1757 1749 1789 6.

2 1806 6 1811 ’
36 1826 82 1832 —--
114 1809 169 1850 10)
201 1805 256 1847 Cf.
284 1817 396 1850 supra
426 1810 500 1842 not.
523 1808 566 1847 6,·
595 1811 750 1841 ceterum
781 1810 871 1840 mire
904 1809 1039 1842 dietum
1072 1809 1259 1844 Concordia
1292 1810 1431 1844 honoris
1463 1811 1680 1855 Agrippinae.
1704 1830 1749 1837 —

39 1864 95 1905 11)
119 1863 286 1898 Consules
308 1864 492 1898 ordinarii
514 1866 604 1898 anni
625 1875 661 1908 p.
689 1863 724 1898 C.
746 1866 802 1898 59.
827 1883 872 1889 ——
899 1866 954 1907 12)
978 1866 1063 1899 Dies
1086 1867 1144 1899 III
1170 1877 1255 1900 non.
1278 1867 1355 1900 Ian.
1380 1867 1422 1910 (3
1445 1868 1539 1912 Ian.)
1569 1869 1751 1902 sollemnis

35 1918 113 1960 suit
132 1921 227 1953 votis
243 1930 315 1963 pro
330 1920 446 1954 salute
459 1922 639 1964 principis
653 1921 915 1964 nuncupandis,
938 1922 1049 1955 simul
1070 1926 1154 1956 vota
1178 1934 1276 1956 anno
1296 1925 1424 1967 priore
1440 1927 1648 1968 nuncupata
1671 1936 1751 1968 per·

36 1976 275 2012 solvebantur.
307 1977 403 2010 Haec
418 1977 607 2020 aliquanto
618 1977 765 2020 plenius
781 1988 888 2021 quam
905 1978 963 2010 bic
974 1982 1197 2012 enarrantur
1212 1982 1251 2013 in
1264 1982 1355 2013 actis
1367 1983 1455 2014 anni
1465 1981 1639 2023 87.—13)
1653 1981 1750 2015 Nero

37 2042 117 2066 eum
131 2034 330 2076 imperator
344 2031 464 2071 faetus
478 2035 528 2066 sit
542 2034 577 2067 d.
593 2034 638 2068 45
653 2034 727 2068 Oet.
742 2036 797 2076 54,
821 2034 880 2067 die
894 2036 920 2069 5
937 2034 1014 2068 Ian.
1029 2037 1074 2069 59
1090 2039 1184 2069 recte
1200 2037 1337 2070 dicitur
1360 2039 1556 2071 tribunicia
1575 2042 1752 2081 potestate

7 2094 13 2134 ‘A
38 2089 214 2132 quintum.
245 2089 320 2122 Hoc
331 2090 462 2122 mirum
478 2092 517 2122 in
533 2091 623 2124 actis
639 2092 730 2124 anni
743 2092 921 2133 sequentis
934 2091 1111 2125 Neronem
1130 2093 1204 2126 diei
1220 2096 1425 2126 constanter
1439 2104 1512 2127 non
1525 2094 1601 2128 trib.
1615 2099 1686 2138 pot.
1698 2094 1750 2134 vl,

0 2144 6 2188 j
36 2144 101 2178 sed
124 2144 200 2178 trib.
225 2149 296 2188 pot.
323 2143 391 2178 Vll.
441 2145 599 2179 Conieeit
623 2146 814 2180 Mommsen
852 2147 1003 2183 Staatsr.
1028 2149 1067 2181 ΙΙ
1084 2159 1123 2191 p.
1147 2150 1208 2182 774
1237 2153 1313 2183 not.
1335 2151 1361 2184 3
1393 2152 1490 2183 eirca
1521 2152 1587 2184 boc
1617 2155 1752 2194 tempus

0 2210 13 2242 ς
37 2203 213 2234 mutatam
229 2211 301 2234 esse
317 2202 532 2235 numerandi
551 2204 763 2236 tribunicias
777 2206 968 2246 potestates
983 2207 1161 2239 rationem
1185 2209 1220 2238 et
1242 2206 1429 2240 inductam
1454 2217 1531 2239 eam
1555 2218 1645 2249 quae
1667 2208 1752 2240 inde

0 2262 13 2304 {-
38 2267 62 2291 a
77 2256 197 2291 Nerua
221 2258 387 2298 obtinuit,
410 2259 547 2291 seilicet
568 2262 610 2292 ut
629 2259 661 2293 d.
679 2260 720 2292 40
737 2260 822 2293 Dee.
848 2262 1019 2304 cuiusque
1047 2264 1137 2295 anni
1159 2273 1273 2295 novus
1295 2263 1490 2296 adderetur
1511 2274 1690 2297 numerus.
1706 2282 1750 2289 -

0 2305 21 2357 ἵ
41 2313 96 2355 14)
120 2313 351 2347 Consulatum
374 2317 542 2357 quartum
566 2316 651 2348 iniit
674 2314 771 2349 Nero
796 2327 831 2350 α.
856 2318 910 2356 60,
935 2317 1145 2360 designatus
1168 2322 1210 2351 ut
1233 2330 1279 2351 esc
1303 2320 1370 2352 hoe
1394 2322 1555 2352 actorum
1580 2320 1657 2353 Ioco
1682 2320 1753 2354 eol-

0 2367 170 2422 {mur
191 2372 265 2402 iam
286 2372 395 2403 initio
419 2372 510 2404 anni
528 2372 788 2413 praecedentis.
813 2391 857 2397 —-
886 2375 940 2414 15)
965 2373 1082 2407 Verba
1110 2375 1274 2417 persolvit
1299 2379 1333 2407 et
1358 2375 1391 2407 in
1417 2386 1467 2418 pr.
1493 2385 1524 2409 a.
1542 2376 1751 2418 nuncupavit

0 2428 287 2469 f‘ssarremanserunt
316 2437 363 2459 ea:
391 2427 566 2460 relatione
596 2427 638 2460 do
668 2429 724 2460 his
751 2431 847 2462 votis
876 2430 1001 2471 paullo
1036 2431 1143 2463 aliter
1172 2430 1285 2470 facta.
1309 2450 1355 2456 —
1382 2432 1437 2473 16)
1461 2432 1580 2474 Ipsum
1608 2443 1750 2466 carmen

0 2474 204 2525 {pum-um
224 2485 514 2525 praetermissum
539 2486 598 2517 est.
624 2502 669 2508 —-
695 2486 749 2526 17)
773 2484 827 2516 De
844 2485 1000 2519 Pantheo
1026 2485 1072 2526 ef.
1095 2498 1206 2530 supra
1225 2486 1270 2522 N.
1288 2488 1364 2521 429.
1382 2506 1426 2513 —
1450 2490 1504 2531 18)
1521 2489 1749 2530 Sacrificium

0 2526 203 2583 :sumnum
224 2538 309 2571 deae
329 2539 431 2582 Diae,
460 2540 634 2573 celebrari
655 2540 800 2574 solitum
826 2552 942 2574 mense
965 2542 1083 2585 Maio,
1106 2544 1335 2577 indicebatur
1358 2555 1476 2578 mense
1498 2546 1682 2582 Ianuario.
1706 2566 1749 2571 —

0 2585 101 2645 ΞΗ)
121 2595 326 2638 Adoptatus
355 2599 407 2628 est
430 2595 527 2630 Nero
560 2608 582 2629 a
609 2596 759 2630 Claudio
791 2608 824 2631 a.
847 2599 892 2631 30
926 2598 1026 2641 (Tac.
1052 2610 1137 2633 ann.
1160 2601 1218 2642 42,
1240 2602 1317 2645 26).
1342 2621 1386 2626 -
1420 2603 1477 2645 20)
1501 2602 1655 2636 Videtur
1685 2604 1751 2636 hoc

0 2646 260 2714 &sucrificium
290 2652 494 2685 institutum
527 2663 599 2685 esse
629 2654 671 2685 ob
704 2655 849 2687 comitia
880 2657 1007 2697 quibus
1031 2667 1063 2690 a.
1087 2657 1130 2690 51
1156 2656 1273 2699 Nero,
1304 2658 1454 2691 vixdum
1488 2662 1632 2702 accepta
1664 2662 1749 2701 toga

10 2706 154 2749 'sur-ili,
177 2708 303 2741 consul
324 2711 465 2741 creatus
488 2712 539 2741 est
561 2711 600 2741 in
625 2720 759 2743 annum
781 2712 828 2744 ..¹55
846 2710 948 2754 (Tae.
965 2722 1049 2746 ann.
1066 2713 1122 2755 42,
1139 2714 1208 2757 u).
1225 2732 1270 2739 —
1286 2714 1343 2757 21)
1367 2715 1465 2747 Inter
1484 2715 1687 2758 pontifices,
1711 2718 1751 2748 ut

7 2768 18 2792 ἢ
40 2761 82 2795 ἐκ
104 2762 245 2806 reliqua
276 2763 426 2806 collegia
449 2766 708 2808 sacerdotalia,
736 2765 834 2801 Nero
858 2768 1017 2801 adlectus
1048 2771 1101 2802 est
1124 2771 1243 2803 eodem
1269 2782 1300 2805 a.
1324 2772 1366 2805 54
1393 2771 1457 2814 (cs.
1481 2783 1591 2814 supra
1616 2771 1661 2804 Ν.
1677 2771 1750 2804 222

35 3034 48 3038 ..
121 3001 126 3013 ι
193 2986 482 3030 Quinquatruum
501 2990 559 3032 (49
582 2990 689 3024 Mart.
714 2992 815 3035 seq),
839 3003 871 3026 a.
896 2993 932 3028 d.
951 2994 985 3027 V
1007 2964 1176 3028 kalendas
1200 2996 1343 3039 Apriles
1369 2996 1432 3037 (28
1456 2965 1579 3039 M’art.)
1605 2966 1750 3031 Iiomam

32 3040 120 3080 [steine
140 3041 247 3076 dubio
271 3047 439 3078 nuntiata
463 3045 548 3085 fuit.
586 3047 772 3081 Probabile
789 3052 839 3082 est
855 3053 1058 3083 convenisse
1076 3055 1159 3085 tune
1176 3053 1326 3085 Art-ales
1342 3056 1377 3085 et
1396 3056 1520 3095 grates
1545 3055 1658 3095 egisse
1681 3054 1751 3088 diis
