1968 3268
442 139 681 176 Monuments.
704 137 881 175 historico.
901 137 1043 172 liberae
1065 135 1122 173 rei
1145 135 1329 182 publicae.
1697 132 1750 171 13

34 258 264 312 capiundeis
294 257 303 311 Ι
334 264 441 304 esto,
478 255 573 295 dum
602 255 669 294 nei
698 254 791 306 quid
820 253 975 307 portori
1003 252 1052 292 ab
1082 252 1153 292 icis
1182 253 1387 304 capiatur,
1425 253 1518 303 quei
1546 250 1707 304 publica
1739 250 1746 303 Ι

33 326 172 380 populi
199 325 369 366 Romani
405 323 607 375 vectigalia
646 323 849 374 redempta
886 321 1102 361 habebunt.
1161 320 1271 367 Quos
1304 319 1311 373 Ι
1345 331 1417 372 per
1455 331 1593 359 eorum
1631 320 1747 360 fineis
1773 325 1814 357 35

33 393 235 448 publicani
270 405 319 434 ex
358 405 406 433 eo
436 391 613 444 vectigali
650 389 981 443 transportabunt
1015 388 1022 443 Ι
1050 417 1418 428 ............
1448 392 1750 431 (continuabatur

33 462 75 493 in
96 459 219 493 tabula
242 459 457 503 deperdita).

117 554 121 556 ,
152 515 290 550 Tabula
313 527 424 549 aenea
443 515 577 549 Romae
591 524 665 558 rep.
683 524 775 546 saec.
790 513 887 555 XVI,
909 523 1007 546 nunc
1022 511 1178 555 Neapoli
1201 512 1337 552 (1204;
1360 509 1500 543 Riese-111
1512 511 1584 543 lab.
1601 509 1748 552 XXXI).

38 573 207 617 Superest
235 583 283 605 ex
313 572 390 616 lege
417 573 493 606 laea
515 582 538 604 a
564 571 599 604 G.
622 571 780 604 Antonio
806 572 888 613 (qui
910 569 1035 602 consul
1055 567 1133 608 fult
1156 580 1189 602 a.
1211 568 1292 610 691)
1317 569 1463 601 tribuno
1484 567 1599 611 plebis
1621 571 1656 600 et
1678 567 1749 600 eol-

35 629 126 673 leg-ts
139 631 217 662 eius
233 629 277 662 de
292 629 457 662 libertate
473 627 720 668 confirmanda
738 627 879 659 civitati
893 626 1064 668 Pisidiae,
1089 627 1149 658 eui
1167 635 1296 658 nomen
1310 623 1387 664 suit
1405 623 1607 657 Ter-messus
1620 625 1749 666 maior,

37 696 134 720 amo
154 689 199 719 ut
221 686 365 719 videtur
377 686 458 725 685,
483 687 578 717 certe
599 693 674 716 non
696 684 847 716 mullum
861 685 943 725 post
956 683 1023 716 682
1042 681 1109 722 (cs.
1126 684 1201 715 not.
1215 683 1268 724 5).
1290 700 1332 705 --
1352 683 1385 724 1)
1401 679 1536 714 Notata
1553 682 1622 714 hae
1635 682 1749 723 sig-ni-

34 743 169 784 fieaiur
191 742 351 776 tabulam
372 752 444 773 esse
464 741 621 783 primam
645 750 693 772 ea:
715 739 958 782 compluribus
982 739 1075 782 legis
1098 739 1141 771 de
1166 737 1371 771 Termessiis
1386 738 1519 771 Pisidis
1540 738 1750 771 maioribus.

35 819 80 824 —
104 800 139 842 2)
162 798 320 833 Nomina
349 797 568 840 collegarum
594 795 629 829 0.
654 797 824 838 Antonii,
852 798 990 839 scripta
1023 795 1110 828 olim
1142 797 1181 828 in
1213 795 1298 828 aliis
1329 794 1464 828 tabulis
1485 795 1591 827 iuxta
1610 795 1751 837 positis,

36 866 128 899 quae
143 857 337 899 perierunt
359 853 424 895 (cll
447 853 585 887 mmm
606 863 725 895 opusc.
749 854 771 885 4
792 863 829 895 p.
851 853 954 895 442),
976 852 1144 895 suppleta
1167 854 1254 884 sunt
1278 861 1343 894 ope
1366 851 1498 894 lapidis
1521 861 1623 893 quem
1647 849 1749 890 infra

36 913 201 946 dubiam
221 913 262 945 in
285 913 403 954 capite
425 911 470 944 de
493 911 659 953 operibus
677 909 847 952 publicis.
871 928 917 933 —
940 910 975 951 3)
1000 908 1139 942 Sullam
1162 909 1380 947 instituisse,
1411 910 1453 940 ut
1477 908 1617 940 tn‘buni
1634 906 1750 950 plebis

36 969 80 1002 aa
100 970 247 1001 senatus
269 969 410 1001 tantum
431 968 606 1000 sententia
624 966 763 1009 plebem
787 969 975 1008 rogarent,
1001 965 1114 998 tradit
1135 965 1325 1007 Appianas
1350 962 1415 1006 (cfi
1441 963 1510 997 Mo.
1536 963 1672 998 staatr.
1695 963 1755 996 11!

31 1035 72 1069 p.
93 1024 189 1063 ⁴58).
213 1043 256 1049 —
281 1025 317 1064 4)
340 1023 502 1057 maiorem
520 1034 590 1056 aes.
608 1041 653 1046 —
669 1024 703 1064 5)
721 1023 762 1056 A.
778 1023 860 1056 682.
876 1041 920 1046 -
938 1023 973 1062 6)
989 1020 1127 1056 Therm.
1144 1021 1223 1054 mai.
1242 1019 1330 1054 peis.
1355 1019 1529 1053 vocabula
1553 1019 1749 1052 abundant.

36 1099 81 1106 —
105 1082 140 1124 7)
153 1081 198 1116 A.
212 1081 290 1115 665.
306 1099 350 1104 -—
366 1081 400 1122 8)
425 1079 524 1121 Quae
547 1081 734 1112 inclinatis
757 1079 852 1120 dedi,
875 1078 979 1112 hodie
1001 1080 1042 1111 in
1066 1089 1150 1111 aere
1176 1077 1384 1110 oblitterata
1407 1079 1503 1118 sunt,
1525 1076 1589 1109 sed
1606 1079 1749 1110 servata

34 1147 102 1180 per
121 1137 370 1180 apographum
385 1134 525 1176 factum
539 1146 634 1171 saec.
650 1136 746 1170 XVI.
766 1154 809 1159 —
826 1137 860 1177 9)
880 1135 1003 1178 Coepit
1024 1145 1120 1168 anno
1136 1135 1211 1168 666.
1227 1153 1272 1158 ——
1290 1135 1346 1175 10)
1362 1133 1438 1167 loca
1455 1144 1527 1175 aes,
1550 1133 1752 1166 emendavit

34 1203 151 1237 nuper
171 1192 376 1227 Mommsen.
401 1212 444 1217 —
470 1194 527 1235 11)
552 1192 613 1226 eds
636 1203 707 1225 aes.
731 1211 776 1216 —
802 1193 858 1233 12)
885 1191 961 1225 loca
989 1202 1049 1223 aes
1073 1189 1138 1231 (cf.
1162 1193 1236 1225 not.
1260 1191 1332 1232 40).

89 1302 91 1304 ’
148 1305 206 1352 39
249 1307 293 1347 L.
314 1307 469 1347 Cassius
497 1307 668 1359 Longin.
695 1305 703 1360 Ι
727 1319 887 1359 procos.
914 1305 921 1359 Ι
947 1306 1096 1358 Tempe
1128 1305 1306 1345 munivit.

146 1374 195 1407 -In
208 1374 303 1407 valle
321 1373 458 1417 Tempe,
480 1375 545 1407 ubi
560 1373 768 1406 ascenditur
783 1375 822 1406 in
839 1375 993 1406 montem
1012 1373 1147 1413 Ossam,
1170 1373 1274 1404 vivae
1288 1374 1375 1414 rupi
1398 1372 1550 1404 incisum
1568 1371 1751 1413 (111588).

37 1431 105 1464 Est
126 1431 240 1473 legati
264 1430 429 1464 Caesaris
450 1429 492 1464 L.
518 1429 631 1463 Cassii
652 1430 830 1472 Longini,
865 1439 968 1472 quem
994 1431 1080 1462 ante
1100 1438 1263 1471 pugnam
1288 1427 1534 1461 Pharsalicam
1559 1428 1690 1462 Caesar
1713 1430 1752 1461 in

43 1486 259 1520 Thessaliam
280 1488 389 1526 misit,
416 1486 512 1521 Caes.
530 1488 560 1520 b.
577 1496 606 1520 c.
622 1487 659 1527 5,
673 1488 729 1520 54.
744 1488 802 1526 53,
830 1486 903 1518 Dio
926 1486 979 1525 41,
996 1486 1014 1518 Ι
1041 1485 1158 1525 (Μο.).

153 1575 214 1620 4⁰
258 1574 338 1632 [R]
371 1578 582 1618 Serveilius
613 1578 655 1617 P.
690 1575 755 1632 [fi]
784 1577 791 1629 Ι
817 1578 1013 1619 Isauricus
1044 1578 1215 1629 procos.1
1243 1576 1249 1630 Ι
1274 1573 1493 1632 res[tit]uit.

153 1642 337 1684 Londinii,
362 1644 507 1677 aduecta
530 1645 607 1676 sine
631 1644 740 1676 dubio
765 1654 811 1675 ex
833 1645 939 1683 Asia,
964 1644 1070 1676 semel
1091 1643 1269 1685 descripta
1293 1653 1384 1676 saec.
1407 1642 1514 1676 XVII
1539 1643 1576 1682 (Ι
1594 1643 1675 1676 622.
1699 1642 1758 1675 III

38 1701 133 1742 462).
156 1718 203 1724 —
228 1702 261 1742 1)
287 1699 362 1733 Cos.
386 1711 419 1733 a.
442 1701 525 1742 706,
543 1700 744 1743 proconsul
764 1701 874 1734 Asiae
898 1711 930 1733 a.
954 1700 1029 1732 708.
1077 1699 1244 1732 Eiusdem
1266 1699 1493 1741 proconsulis
1516 1698 1607 1731 alios
1631 1698 1755 1732 titulos

40 1759 115 1790 tam
138 1755 291 1790 Latinos
314 1767 421 1800 quam
447 1756 602 1790 Graecos
624 1757 780 1789 Asianos
804 1757 910 1789 habes
932 1756 987 1788 ΙΙΙ
1008 1756 1123 1799 suppl.
1146 1756 1241 1789 7097.
1263 1756 1351 1788 7098
1373 1765 1453 1788 cum
1477 1755 1560 1788 adn.

154 1847 217 1891 41
260 1848 304 1888 L.
325 1848 496 1888 Plancus
525 1849 570 1888 L.
601 1849 628 1888 Γ.
660 1861 754 1896 cos„
780 1846 787 1902 Ι
814 1848 909 1900 imp.
940 1849 1041 1894 iter„
1072 1849 1120 1887 de
1149 1847 1298 1887 manib.

153 1913 284 1948 Romae
306 1926 381 1958 rep.
405 1916 445 1948 in
467 1913 551 1954 foro
567 1916 632 1948 suh
650 1914 839 1957 Capitolio,
864 1915 1055 1958 aliquoties
1078 1914 1259 1957 descripta
1281 1924 1374 1949 saec.
1390 1913 1479 1947 XV]
1493 1913 1546 1953 (V
1544 1913 1566 1946 I
1576 1913 1692 1956 1316).
1708 1932 1752 1937 —

41 1971 84 2006 L.
106 1970 294 2004 Munatius
316 1972 480 2011 Plancus,
505 1982 574 2005 cos.
599 1982 631 2005 a.
647 1971 724 2011 712,
745 1973 831 2013 post
854 1973 1074 2014 triumphum
1100 1971 1143 2004 de
1165 1970 1287 2004 Raetis
1310 1971 1343 2003 d.
1366 1971 1414 2004 29
1429 1970 1514 2003 Dec.
1534 1970 1607 2010 744,
1632 1970 1752 2003 aedem

42 2028 196 2062 Saturni
216 2026 307 2067 feeit
328 2028 371 2060 de
391 2029 578 2070 manibiis,
616 2031 700 2061 teste
722 2028 830 2060 titulo
859 2029 1018 2070 sepulcri
1046 2030 1138 2067 eius,
1173 2037 1275 2070 quem
1308 2025 1411 2066 infra
1438 2027 1611 2060 dabimus.
1657 2026 1752 2060 Nota

43 2085 137 2118 hunc
160 2084 314 2128 lapidem
335 2087 515 2126 repertum
548 2095 621 2117 esse
652 2095 726 2117 non
749 2086 802 2116 ita
827 2084 934 2126 longe
957 2095 979 2117 a
1003 2084 1194 2117 ruderibus
1218 2084 1319 2117 aedis
1342 2083 1498 2117 Saturni
1519 2085 1708 2116 restitutae
1733 2095 1753 2115 a

41 2140 186 2174 Planco.

154 2228 217 2272 42
260 2231 331 2271 Cu.
362 2230 554 2270 Domitius
583 2230 635 2270 M.
666 2232 693 2270 Γ.
725 2231 908 2271 Calvinus
933 2230 940 2284 Ι
966 2232 1168 2284 pontifex,
1195 2230 1203 2285 Ι
1228 2244 1310 2272 cos.
1341 2232 1451 2280 iter.‚
1482 2232 1646 2284 imper„
1674 2232 1681 2286 Ι
1706 2236 1754 2275 de

0 2315 2 2318 >
43 2298 262 2339 manibieis.

154 2363 298 2406 Romae,
320 2365 413 2397 basis
428 2364 598 2403 rotunda,
614 2374 688 2405 rep.
705 2366 745 2396 in
759 2367 880 2397 monte
896 2364 1063 2397 Palatino
1083 2364 1133 2404 (V
1134 2365 1152 2397 1
1160 2364 1244 2398 1301
1254 2377 1268 2404 ‚·
1285 2365 1449 2397 Huebner
1464 2376 1521 2398 ear.
1533 2377 1601 2400 ser.
1615 2378 1668 2410 ep.
1680 2369 1753 2411 48).

44 2439 89 2445 ——
106 2419 276 2454 Calvinus
290 2419 365 2460 fuit
379 2431 450 2454 cos.
466 2432 500 2455 a.
515 2431 552 2453 u.
569 2430 599 2453 c.
615 2420 687 2462 701,
709 2422 840 2453 iterum
858 2432 889 2454 a.
905 2420 979 2462 744,
1002 2421 1240 2463 triumphavit
1263 2431 1309 2453 ex
1325 2421 1499 2464 Hispania
1524 2433 1557 2455 a.
1572 2423 1638 2456 718
1653 2422 1754 2463 (fast.

45 2477 212 2520 triumph.
231 2475 314 2519 Gap.
331 2480 366 2509 el
379 2477 499 2519 Barb„
523 2476 593 2509 DIo
605 2477 659 2519 48,
670 2477 745 2518 42).
783 2476 926 2509 Extant
941 2478 1079 2509 nummi
1094 2487 1183 2520 quos
1197 2478 1273 2519 ipse
1288 2477 1375 2510 cudi
1390 2479 1497 2510 iussit
1510 2479 1551 2511 in
1567 2479 1754 2522 Hispania,

44 2531 196 2572 (Eckkol
208 2534 243 2572 5,
265 2533 352 2575 205)
362 2559 371 2575 ‚
402 2535 442 2566 in
466 2534 595 2576 quibus
619 2535 653 2565 et
675 2534 874 2575 imper-ator
898 2532 1035 2565 dicitur
1059 2535 1093 2565 ot
1115 2537 1433 2576 repraesentantur
1456 2537 1615 2578 insignia
1634 2539 1754 2579 ponti-

0 2640 3 2644 *
43 2587 184 2628 fionius.

0 2746 8 2766 ⁷
46 2745 287 2795 TITVLI
320 2745 689 2796 GLARORVM
712 2745 1028 2797 VIRORVM
1064 2746 1293 2799 POSITI
1328 2749 1375 2797 A
1406 2748 1753 2800 POSTERIS.

159 2821 223 2867 43

0 2888 342 2947 [ijabmso
351 2893 376 2932 Γ.
386 2893 542 2934 Maxsu
581 2894 624 2933 L.
634 2890 915 2949 AemfiIJiusL.
925 2895 951 2934 Γ,
962 2895 1139 2935 Paullus¹
1177 2895 1220 2935 P.
1232 2895 1571 2935 CorneliusPaulli
1589 2896 1615 2934 Γ.
1623 2896 1755 2948 Scipio

204 2959 287 2999 aed.
308 2972 392 3000 cur.
442 2957 546 3015 [mus
623 2958 804 3016 co[s.11]
836 2973 943 3002 cens.
964 2975 1092 3015 augur
1210 2963 1420 3003 Africanus
1450 2975 1530 3002 cos.
1553 2962 1587 3001 11
1618 2974 1726 3004 cens.

672 3025 962 3083 tr[i]umphavit
991 3036 1053 3070 ter
1231 3042 1358 3082 augur
1387 3030 1640 3083 triumphavit
1669 3032 1702 3071 ΙΙ
