1968 3268
776 156 892 194 Tituli
914 157 1102 193 militares.
1711 155 1795 195 459

196 273 424 316 Mogontiaci
447 271 667 316 (Brambaelt
688 272 781 306 4225
804 270 927 315 vidit).
950 289 997 296 —
1029 273 1063 314 1)
1088 269 1143 310 ct:
1167 269 1215 304 Ν.
1229 269 1322 305 2275
1345 271 1420 304 not.
1436 269 1469 305 4.
1484 288 1529 294 -
1553 271 1588 312 2)
1610 269 1679 303 Est
1702 270 1796 313 legio

82 332 252 364 vicesima
280 329 436 363 secunda
465 330 708 372 Primigenia,
740 329 943 371 conscripta
972 330 1015 360 ut
1043 327 1185 360 videtur
1213 338 1236 360 a
1261 325 1411 360 Claudio
1440 329 1475 359 et
1500 327 1542 359 in
1567 326 1796 361 Germaniam

81 388 303 430 superiorem
330 387 439 419 missa
468 384 571 428 (Tac.
595 386 678 419 hist.
700 385 733 428 4,
754 386 800 418 55
827 384 927 428 cet.),
952 385 993 417 in
1016 384 1120 417 cuius
1149 384 1359 427 provinciae
1389 384 1528 426 capite,
1557 383 1796 427 Moguntiaci,

77 454 147 487 per
168 443 312 477 saecula
336 442 494 485 tetendit,
517 444 590 476 nisi
612 442 710 485 quod
738 442 956 484 temporibus
978 440 1192 474 Flauiorum
1215 442 1377 483 primum
1407 441 1450 472 in
1471 439 1622 484 Illyrico
1653 441 1798 474 videtur

79 499 205 543 fuisse,
228 499 357 534 deinde
375 502 414 533 in
440 498 631 533 Germania
655 497 842 538 inferiore.
890 497 951 531 Ea:
973 497 1096 530 multis
1118 497 1311 541 epitaphiis
1331 496 1488 529 militum
1511 497 1618 530 huius
1641 498 1795 540 legionis

81 556 308 599 Moguntiaci
328 557 385 590 vel
404 566 517 599 prope
539 554 812 598 Moguntiacum
834 556 988 597 repertis
1011 556 1182 597 quattuor
1205 555 1345 587 tantum
1378 553 1462 597 (hoe
1486 555 1520 586 et
1542 553 1687 588 Bramb.
1709 554 1792 588 952.

79 613 175 647 4075.
198 612 315 657 4247),
337 612 489 655 reliquis
509 614 587 645 nisi
606 611 720 652 fallor
742 612 964 654 antiquiora,
989 619 1186 652 cognomen
1207 610 1451 653 Primigeniae
1474 611 1653 645 omittunt.

194 702 310 749 2277
354 703 401 743 L.
430 703 650 756 Appuleius
674 704 681 756 Ι
707 703 752 742 L.
784 703 810 742 f.
843 703 980 754 Sergia
1005 701 1012 755 Ι
1038 702 1279 743 Iadestinus¹
1314 702 1321 755 Ι
1347 702 1492 753 lader²‚
1523 703 1604 743 mil.
1632 702 1639 756 Ι
1671 703 1747 755 leg.
1778 703 1795 743 1

80 771 229 812 Adiut?
253 771 260 824 Ι
286 784 350 811 an.
380 771 497 820 XXV,
528 772 619 824 stip.
646 770 653 825 Ι
680 771 752 819 vl,
782 771 821 810 h.
852 783 883 810 s.
914 783 963 819 e.‚
993 770 1033 810 h.
1063 771 1091 809 f.
1122 783 1157 810 e.

192 839 309 881 Prope
327 837 599 881 Moguntiacum
623 838 672 870 ad
693 839 811 870 vicum
827 836 1012 869 Zalzlbaclz
1033 847 1108 880 rep.
1133 835 1351 880 (Brambacli
1365 837 1447 870 4444
1472 837 1591 881 vidit).
1614 855 1659 862 —
1688 839 1723 880 1)
1739 836 1794 877 Cfi

78 894 125 929 Ν.
135 895 226 930 2046
236 898 309 928 not.
321 894 352 928 4.
362 913 406 920 -
423 896 457 937 2)
469 894 576 927 Iader
589 895 758 938 oppidum
770 893 984 927 Dalmatiae.
1013 893 1205 926 Praeterea
1218 894 1402 937 epitaphia
1413 893 1641 936 Moguntiaei
1651 898 1796 937 reperta

79 951 254 985 dederunt
276 954 349 983 tres
372 952 464 985 alios
488 951 642 994 legionis
660 953 802 994 primae
825 950 1028 983 Adiutricis
1051 949 1180 982 milites
1204 949 1378 983 oriundos
1400 961 1448 983 ea.-
1470 950 1669 995 Dalmatia‚
1693 954 1795 994 quat-

79 1010 164 1041 tuor
192 1001 366 1041 oriundos
394 1019 441 1041 ece
463 1008 652 1041 Pannonia
677 1007 764 1051 (Mo.
789 1008 866 1049 eph.
892 1017 945 1050 ep.
967 1008 990 1039 5
1011 1016 1047 1049 p.
1070 1006 1167 1048 200).
1215 1006 1286 1039 Hos
1310 1017 1431 1039 omnes
1451 1006 1565 1046 fuisse
1588 1017 1635 1040 ea.-
1657 1009 1708 1040 eis
1731 1009 1796 1050 qui

15 1091 24 1100 .
79 1074 160 1098 cum
177 1066 338 1107 primum
354 1064 570 1098 militassent
582 1066 679 1097 inter
695 1063 873 1105 classicos,
896 1074 930 1097 a.
947 1064 990 1096 69
1013 1062 1052 1097 in
1074 1061 1234 1102 somnam
1257 1062 1410 1105 legionis
1433 1063 1572 1097 redacti
1593 1066 1686 1105 sunt,
1705 1074 1795 1107 pro-

67 1122 245 1155 babiliter
278 1121 431 1154 coniecit
459 1119 770 1154 Domaszewsleius
797 1130 887 1154 mus.
911 1119 1022 1152 Rhen.
1053 1120 1095 1152 46
1122 1129 1162 1162 p.
1195 1119 1263 1152 605
1286 1122 1360 1152 not.
1415 1119 1565 1153 Classici
1595 1122 1691 1153 enim
1720 1120 1795 1153 ill-is

76 1179 293 1222 temporibus
314 1187 449 1220 magna
470 1188 558 1220 pars
580 1178 772 1210 Dalmatae
795 1177 1043 1218 Pannoniique
1067 1177 1188 1218 erant,
1219 1176 1366 1208 testibus
1395 1175 1520 1209 Tacito
1546 1175 1645 1219 (hist.
1668 1177 1705 1217 5,
1729 1176 1792 1221 42)

77 1238 114 1268 ct
135 1235 432 1278 inscriptionibus
455 1233 520 1278 (cf.
541 1244 653 1277 supra
676 1234 773 1267 4989.
789 1233 872 1267 4994
884 1245 899 1272 ,·
929 1232 998 1266 Mo.
1017 1233 1094 1275 eph.
1110 1234 1133 1265 5
1155 1242 1190 1274 p.
1207 1232 1281 1267 484.
1298 1232 1394 1274 483).
1411 1252 1456 1257 -
1480 1235 1516 1275 3)
1538 1232 1651 1275 Legio
1672 1234 1793 1276 prima

75 1291 266 1334 Adiutrix,
282 1291 325 1324 de
338 1292 441 1324 cuius
453 1291 596 1333 origine
611 1301 658 1323 ex
674 1290 830 1323 classicis
847 1288 895 1329 cf.
906 1299 1018 1332 supra
1040 1287 1080 1322 N.
1094 1288 1181 1322 4988
1192 1291 1267 1323 not.
1279 1289 1315 1331 2,
1332 1300 1354 1322 a
1370 1289 1515 1323 Vitellio
1527 1291 1567 1322 in
1579 1290 1793 1333 Hispaniam

75 1348 236 1391 relegata
260 1346 362 1388 (Tac.
378 1348 461 1382 hist.
476 1348 513 1389 2,
526 1347 580 1380 67.
602 1347 639 1389 5,
654 1347 724 1390 44),
749 1356 843 1379 anno
866 1346 909 1378 70
933 1347 1048 1378 accita
1072 1347 1125 1378 est
1148 1347 1188 1378 in
1215 1344 1443 1378 Germaniam
1470 1345 1572 1389 (Tac.
1597 1347 1679 1380 hist.
1702 1348 1735 1389 4,
1749 1348 1794 1380 68

77 1403 125 1443 cll
149 1404 219 1438 Mo.
244 1404 362 1437 Herm.
384 1404 427 1437 49
449 1415 484 1446 p.
506 1405 569 1436 440
592 1406 665 1437 not.
689 1402 750 1446 4),·
773 1400 999 1444 Moguntiaci
1024 1412 1093 1444 per
1116 1401 1264 1444 aliquod
1288 1404 1423 1444 tempus
1452 1404 1591 1435 stetisse
1616 1406 1793 1436 testantur

79 1460 176 1493 tituli
181 1472 196 1501 ;
217 1458 293 1499 fuit
314 1461 354 1492 in
380 1459 572 1492 Germania
594 1461 779 1502 superiore
803 1460 910 1491 etiam
932 1460 1049 1491 initiis
1076 1457 1238 1499 Traiani,
1263 1457 1310 1497 cll
1335 1456 1437 1497 infra
1461 1458 1507 1492 Ν.
1531 1460 1623 1493 2286
1631 1473 1645 1501 ‚·
1662 1461 1791 1503 paullo

74 1519 159 1560 post
179 1518 220 1549 in
243 1516 467 1548 Pannoniam
489 1516 710 1557 superiorem
734 1514 911 1547 translata
937 1516 998 1547 est.

191 1603 307 1651 2278
349 1606 394 1645 T.
416 1606 593 1646 Valerius
622 1606 666 1644 T.
698 1579 724 1644 f
751 1603 759 1658 Ι
785 1604 864 1645 Cla.
886 1604 1042 1644 Pudens
1072 1605 1173 1644 Sav.²
1200 1602 1207 1657 Ι
1233 1605 1312 1645 mil.
1341 1605 1417 1658 leg.
1448 1605 1483 1645 ΙΙ
1512 1607 1558 1645 Α.
1589 1619 1628 1658 p.
1659 1607 1704 1646 f.²
1733 1605 1740 1661 Ι
1765 1616 1791 1648 γ

76 1673 274 1715 Dossenni
299 1672 306 1725 Ι
332 1673 492 1713 Proculi
522 1685 555 1712 a.
586 1671 702 1721 XXX.
730 1671 736 1725 Ι
762 1684 840 1712 aer.
871 1672 906 1711 X
937 1702 946 1710 .
980 1701 989 1710 .
1022 1701 1046 1721 .‚
1077 1672 1114 1711 h.
1146 1673 1183 1711 d.
1214 1686 1245 1712 s.
1276 1686 1329 1725 p.,
1359 1673 1397 1713 h.
1429 1686 1461 1714 s.
1492 1675 1545 1714 e.³
1655 1703 1658 1706 ⁴

190 1740 302 1774 Lindi
324 1750 417 1783 rep„
448 1742 501 1771 est
523 1739 681 1772 Londini
711 1737 799 1781 (VII
821 1738 886 1772 485
917 1738 1009 1771 vidit
1034 1738 1227 1776 Huelmer).
1250 1758 1297 1763 —
1331 1741 1363 1782 1)
1388 1739 1554 1775 Savaria.
1578 1760 1623 1766 —-
1648 1743 1683 1783 2)
1706 1742 1790 1776 Alia

77 1807 216 1841 quoque
251 1797 434 1839 epitaphia
473 1796 657 1838 complura
692 1795 849 1828 militum
886 1795 1038 1838 legionis
1076 1796 1251 1829 secundae
1287 1796 1489 1830 Adiutn'eis
1524 1799 1564 1830 in
1594 1799 1790 1832 Britannia

75 1856 218 1897 reperta
241 1854 327 1885 sunt
351 1851 442 1894 (VII
460 1852 514 1886 48.
530 1850 593 1884 486
601 1863 614 1892 ,-
638 1851 842 1892 Houor-field
862 1853 1084 1886 Athenaeum
1107 1853 1148 1886 46
1163 1853 1252 1896 Apr.
1269 1852 1375 1897 4892)
1383 1866 1397 1895 ,·
1419 1853 1515 1887 unde
1538 1854 1661 1897 colligi
1671 1858 1792 1898 potest

77 1920 154 1943 eam
171 1919 242 1952 per
266 1908 416 1951 aliquod
437 1910 583 1950 tempus,
608 1910 798 1951 antequam
822 1910 861 1940 in
877 1909 1066 1942 Pannonia
1090 1909 1208 1942 sedem
1231 1909 1370 1953 figeret,
1393 1912 1432 1943 in
1454 1910 1648 1944 Britannia
1671 1921 1791 1945 mora·

76 1969 149 2000 tam
173 1975 255 1998 esse.
280 1983 323 1988 —
348 1964 381 2005 3)
406 1963 512 1996 Heres
537 1963 579 1996 de
602 1973 666 1996 suo
686 1966 820 2007 posuit,
845 1965 903 1998 liic
925 1967 1015 1998 silus
1038 1969 1098 2000 est.

189 2052 303 2100 2279
348 2054 392 2093 L.
423 2053 572 2106 Magius
602 2053 661 2093 L.²
689 2052 695 2107 Ι
731 2054 821 2094 Ouf.
862 2055 1013 2096 Dubius
1038 2054 1044 2109 Ι
1070 2055 1302 2103 Mediolani,
1343 2057 1423 2096 mil.
1458 2055 1465 2110 Ι
1499 2057 1574 2110 leg.
1606 2057 1623 2097 l
1652 2057 1697 2098 F.
1736 2058 1788 2098 M.

77 2136 117 2176 p.
134 2123 162 2163 f.
178 2123 255 2171 D.²‚
276 2118 486 2175 arlmorum
502 2126 632 2161 custos
649 2119 718 2172 [ΡΙ
740 2123 867 2163 Aufidi
882 2123 1082 2172 Martialis,
1105 2123 1110 2177 Ι
1134 2136 1228 2163 ann.
1248 2122 1372 2163 XXXI
1392 2124 1482 2177 stip.
1499 2124 1601 2174 XIII,
1624 2123 1631 2180 Ι
1653 2126 1692 2165 h.
1709 2127 1736 2165 f.
1753 2139 1787 2166 c.

188 2189 303 2231 Prope
325 2187 487 2220 Bonnam
518 2197 592 2229 rep.
631 2198 664 2220 a.
694 2187 779 2221 4875
811 2188 1082 2232 (Frendenberg
1107 2200 1190 2223 ann.
1213 2188 1324 2225 Rhen.
1353 2191 1398 2223 57
1422 2201 1462 2233 p.
1491 2191 1561 2234 70).
1591 2210 1636 2215 —
1670 2195 1701 2234 1)
1732 2191 1787 2232 Cf.

72 2245 119 2279 N.
142 2247 244 2280 2246.
277 2261 324 2269 -
355 2245 388 2284 2)
424 2242 526 2275 Miles
559 2242 712 2284 legionis
746 2246 885 2287 primae
915 2246 1067 2279 Flaviae
1093 2245 1140 2288 (Γ)
1174 2245 1372 2278 Minerviae
1397 2249 1484 2289 piae
1517 2247 1635 2287 fidelis
1666 2248 1788 2280 Domi-

72 2304 193 2335 tianae
210 2301 270 2345 (?).
316 2299 430 2341 Legio
452 2299 571 2342 prima
596 2298 775 2333 Mineruia
795 2303 861 2343 pia
884 2301 1000 2341 fidelis
1023 2304 1062 2334 in
1087 2302 1153 2334 hoc
1176 2301 1250 2334 solo
1277 2302 1382 2334 tilulo
1406 2303 1549 2336 videtur
1565 2304 1640 2336 dici
1654 2304 1786 2337 Flavia

72 2361 107 2391 el
128 2357 338 2391 Domitiana
365 2354 451 2398 (Mo.
473 2355 550 2397 epla.
573 2357 595 2387 5
618 2366 654 2397 p.
673 2357 738 2389 202
746 2369 760 2397 ;
786 2356 975 2399 Ilium-ling
1000 2357 1044 2390 de
1068 2357 1205 2399 legione
1221 2357 1357 2390 decima
1377 2357 1524 2391 Gemina
1546 2370 1582 2402 p.
1599 2360 1670 2400 45),
1697 2370 1788 2403 quae

73 2415 286 2456 cognomina
315 2414 398 2455 post
427 2414 575 2443 mortem
599 2411 804 2445 Domitiani
832 2414 964 2446 abolita
996 2424 1068 2446 esse
1093 2416 1365 2446 consentaneum
1388 2417 1451 2447 est.
1476 2433 1516 2438 ——
1544 2416 1578 2455 3)
1604 2415 1787 2450 Centuria.

187 2578 302 2625 2280
346 2579 405 2619 Ti.
436 2579 577 2619 Caesar
614 2579 690 2618 divi
720 2580 818 2633 Aug.
850 2582 876 2620 s.
904 2583 910 2633 Ι
945 2583 1144 2633 Augustus
1175 2581 1298 2634 imp.¹‚
1338 2583 1478 2635 pontif.
1510 2596 1623 2634 max„
1650 2583 1658 2639 Ι
1693 2586 1783 2626 trib.

74 2654 215 2703 potest.
247 2647 350 2696 XX²‚
387 2659 467 2687 cos.
499 2646 564 2686 III.
593 2644 599 2701 Ι
626 2647 718 2699 Leg.
751 2646 839 2696 VII,
870 2647 944 2700 Ieg.
975 2647 1064 2696 XF,
1090 2647 1098 2703 Ι
1124 2648 1166 2688 Ρ.
1198 2648 1380 2690 Cornelio
1411 2651 1632 2692 DoIabeIIa‘
1668 2655 1675 2703 Ι
1708 2653 1783 2706 leg.

103 2729 147 2757 ΓΟ
207 2728 238 2755 Γ.

60 2729 100 2769 ..Ρ
178 2729 325 2820 pZamae,
359 2781 422 2812 ubi
444 2779 518 2819 fuit
543 2779 648 2812 Iader
679 2778 752 2822 (111
770 2780 862 2813 2908
883 2782 1026 2823 saepIus
1050 2781 1256 2827 descripta).
1290 2802 1329 2807 -—
1365 2787 1395 2826 1)
1429 2784 1483 2824 Cf.
1507 2795 1618 2828 supra
1649 2784 1694 2818 N.
1719 2786 1784 2819 455

73 2841 147 2872 nol.
170 2839 202 2872 4.
227 2855 272 2862 ——
298 2838 331 2878 2)
355 2836 398 2869 Α.
423 2835 530 2878 48149.
554 2853 600 2860 -
624 2837 657 2877 3)
681 2835 783 2868 Duae
808 2835 964 2878 legiones
987 2837 1188 2871 Dalmatiae
1219 2839 1239 2882 (
1242 2838 1272 2872 T
1269 2850 1322 2874 ae.
1349 2850 1430 2873 ann.
1454 2843 1487 2883 4,
1508 2841 1569 2884 5),
1602 2840 1648 2880 cf.
1673 2852 1783 2885 supra

74 2893 119 2928 Ν.
140 2894 248 2928 2252.
296 2893 378 2927 255.
403 2892 494 2926 2257
506 2902 576 2934 seq.
599 2908 647 2916 -
669 2893 704 2934 4)
730 2891 782 2931 Cf:
806 2902 917 2936 supra
939 2892 984 2927 N.
1008 2895 1086 2928 438.

186 2982 301 3030 2281
345 2984 404 3023 Ti.
428 2983 589 3024 Caesare
610 2985 707 3036 Aug.
739 2985 765 3023 s.
793 2984 799 3038 Ι
826 2985 1002 3037 Augusto
1031 2986 1269 3038 imperator„
1297 2985 1302 3040 Ι
1330 2994 1440 3040 pont.
1472 3000 1586 3036 max„
1618 2995 1667 3029 tr.
1699 2995 1780 3042 pot.

77 3049 240 3092 mvn
267 3050 273 3105 Ι
300 3051 393 3103 Leg.
425 3050 497 3090 IIII
528 3050 646 3103 Scyt„
678 3051 751 3103 leg.
783 3051 812 3090 V
842 3052 1004 3093 Maced.²
