1968 3268
749 166 865 202 Tituli
886 165 1074 203 militares.
1684 165 1768 204 457

169 279 341 323 Laibaeh,
364 281 428 314 ubi
448 279 526 320 fuit
547 281 687 314 Emona
710 281 919 314 Pannoniae
943 280 1018 320 (ΙΙΙ
1035 281 1127 315 5845
1148 279 1243 312 vidit
1263 278 1488 322 Mommsen).
1509 297 1558 305 -·
1590 281 1625 323 1)
1648 279 1771 322 Signi-

56 335 194 378 fieatur
222 338 351 380 origo,-
373 335 421 376 ef.
445 337 495 370 ad
516 336 561 372 Ν.
585 338 688 371 2249.
712 356 757 363 —
780 339 815 379 2)
838 337 1102 380 Intellegunwr
1130 336 1288 379 leg-iones
1309 334 1448 368 decima
1479 338 1610 380 quinta
1630 335 1772 380 Apolli-

53 394 158 426 naris
195 396 233 426 et
267 395 396 427 octava
424 394 609 436 Augusta,
650 404 741 437 quas
774 405 870 427 anno
900 404 940 437 p.
977 394 1059 428 Chr.
1089 394 1131 427 ⁴4
1167 391 1356 426 tetendisse
1390 401 1466 425 non
1504 395 1559 427 ita
1588 394 1695 436 longe
1724 394 1769 426 ab

54 449 197 482 Emona
219 452 372 493 apparet
393 460 441 483 εει·
460 449 584 483 Tacito
607 461 642 484 a.
668 451 697 491 4,
720 452 770 485 25
793 449 841 490 ef.
856 450 890 492 4,
910 451 958 484 20
983 449 1063 492 (ubi
1077 451 1214 483 merdio
1227 448 1271 489 fit
1290 448 1559 492 manipulorum
1580 451 1772 482 missorum

54 504 297 549 Nauportum,
318 508 384 550 qm·
405 507 504 540 loeus
525 506 600 546 fuit
618 517 735 550 prope
750 506 920 549 Laibach,
941 508 1006 539 nbi
1028 507 1132 540 hodie
1155 509 1207 539 est
1232 505 1491 546 Oberlaibaeh).
1537 505 1626 546 Illa,
1652 507 1687 538 st*
1709 516 1771 539 ex-

54 563 191 605 ceperis
213 563 409 596 absentiam
432 573 611 596 annorum
630 564 677 597 65
702 562 803 603 (Tae.
828 573 912 597 ann.
928 564 984 604 15,
1006 564 1071 605 25)
1094 563 1144 596 ad
1163 562 1206 596 70
1229 562 1383 606 (Ioseph.
1399 562 1477 596 beu.
1499 563 1532 603 7,
1552 563 1589 603 5,
1610 562 1667 606 5),
1687 572 1771 605 per-

52 619 189 650 mansit
217 619 259 651 in
281 618 468 652 Pannonia
491 630 605 662 usque
634 619 683 652 ad
703 629 795 652 saec.
818 619 870 661 ΙΙ,
900 620 987 652 haee
1008 621 1072 652 sub
1098 619 1247 653 Claudio
1270 619 1328 652 vel
1348 619 1493 653 Nerone
1515 618 1695 651 translata
1718 621 1772 651 est

52 675 94 706 in
109 674 291 717 Moesiam,
311 675 376 707 ubi
395 674 471 714 fuit
493 686 525 708 a.
541 677 584 709 69
608 675 709 715 (Tae.
727 677 806 709 h1'st.
822 677 859 717 2,
873 676 948 719 85),
972 678 1007 708 et
1029 675 1156 709 deinde
1177 677 1219 708 in
1236 675 1465 709 Germaniam
1481 675 1583 719 (Tac.
1599 676 1635 710 h.
1648 676 1682 718 4,
1695 675 1771 718 68).

52 729 104 763 Et
129 730 274 763 videtur
301 732 361 764 hie
393 733 521 765 titulus
551 732 701 765 Claudio
732 743 824 774 non,
854 735 921 764 aut
948 733 1012 764 vix
1040 733 1220 765 recentior·
1252 731 1317 772 (ef.
1348 731 1555 772 Hirschfeld
1584 733 1686 766 arch.
1713 741 1768 774 ep.

52 786 173 820 nitela.
194 788 218 820 5
234 797 275 830 p.
299 787 368 820 248
392 791 467 821 not.
490 789 561 832 44).

166 875 279 922 2265
323 878 437 918 miles
469 878 547 931 leg.
574 880 581 928 Ι
605 878 713 918 XVI¹
744 879 795 919 0²
824 878 1023 930 Viatossris‚
1064 879 1154 918 Sex.
1185 879 1381 919 Lartidius
1413 879 1421 934 Ι
1455 881 1546 919 Sex.
1576 880 1604 918 f.
1635 879 1716 919 Vel.
1758 876 1766 934 Ι

53 945 251 994 Pistoris³,
277 943 285 998 Ι
311 958 430 985 anno.
456 944 465 999 Ι
490 945 611 985 XXVI
639 947 730 999 stip.
757 946 764 999 Ι
789 946 854 994 IV,
885 947 925 986 h.
955 959 987 986 s.
1018 959 1053 986 e.

167 1011 283 1055 Propo
297 1012 567 1054 moguntiacum
583 1013 632 1045 ad
645 1014 766 1045 vicum
781 1012 965 1045 Zahlbaeh
983 1023 1058 1055 rep.
1074 1012 1293 1052 (Brambach
1307 1014 1396 1046 4200
1413 1013 1534 1057 vidit).
1550 1032 1595 1038 -
1615 1014 1647 1056 1)
1663 1014 1770 1046 stae-

53 1070 151 1100 terea
163 1067 389 1110 Moguneaci
398 1068 617 1111 prodierunt
626 1069 822 1102 mullorum
838 1069 996 1102 aliorum
1007 1069 1162 1102 militum
1175 1069 1331 1102 eiusdem
1347 1069 1502 1112 legionis
1516 1072 1769 1114 inscriptiones

52 1123 269 1166 sepulcrales
293 1124 512 1167 (Brambach
526 1125 611 1158 4497
621 1136 692 1168 seq.
721 1115 842 1169 4505),
865 1127 928 1168 qm·
949 1125 1079 1158 milites
1099 1136 1214 1169 paene
1236 1136 1367 1168 omnes,
1390 1126 1487 1169 quod
1513 1127 1692 1159 indit-im
1714 1129 1769 1159 est

52 1182 250 1223 temporum
278 1182 481 1224 primorum
511 1182 787 1224 imperatorum,
820 1184 1031 1224 cognomine
1060 1183 1239 1215 carebant.
1287 1181 1331 1215 In
1362 1181 1554 1216 Germania
1581 1185 1769 1226 superiore

53 1235 147 1278 legio
171 1236 321 1269 tetendit
342 1248 376 1270 a.
399 1237 440 1270 44
465 1237 567 1278 (Tae.
592 1248 676 1271 ann.
699 1238 732 1278 4,
756 1238 840 1282 57),
875 1239 915 1271 in
941 1238 1133 1272 Ger-mania
1157 1238 1333 1278 infer-iore
1363 1249 1459 1272 anno
1481 1241 1525 1272 69
1554 1239 1659 1280 (Tae.
1682 1241 1766 1274 hist.

51 1291 84 1332 4,
105 1292 180 1335 55).
218 1292 301 1336 Ipsa
326 1292 421 1335 leg-io
445 1294 580 1326 dieitur
602 1293 690 1327 XVI
712 1293 849 1327 Gallica
871 1305 983 1338 supra
1012 1294 1058 1328 N.
1081 1296 1183 1336 2054,
1212 1297 1299 1328 item
1331 1295 1367 1329 0.
1390 1295 1425 1329 X
1444 1296 1539 1336 4744,
1564 1296 1651 1330 XVI
1682 1296 1766 1330 Ger-

51 1350 196 1381 maniae
217 1358 329 1392 supra
351 1348 397 1383 Ν.
413 1350 490 1383 975.
513 1368 557 1374 -
583 1351 617 1392 2)
643 1350 825 1384 centuria.
849 1370 893 1376 —
919 1353 953 1391 3)
979 1352 1157 1385 Pistoriae
1181 1353 1352 1395 oppidum
1374 1352 1558 1386 Etruriae.

165 1437 281 1483 2266
324 1440 368 1479 L.
407 1441 539 1481 Aelius
569 1441 663 1481 Fab.
694 1442 826 1481 Brixia
859 1449 1086 1490 veteranus,
1121 1442 1129 1494 Ι
1162 1443 1339 1482 militavit
1376 1443 1534 1495 legione
1562 1444 1649 1483 XVI
1681 1443 1688 1498 Ι
1721 1445 1763 1484 in

54 1506 263 1546 Germania
283 1519 377 1547 ann.
394 1507 512 1556 xxn,
535 1508 541 1562 Ι
562 1509 657 1548 vixit
676 1521 770 1548 ann.
788 1509 893 1548 XXX
914 1540 923 1548 .
946 1540 970 1557 .‚
993 1509 999 1562 Ι
1022 1511 1066 1550 Ρ.
1081 1511 1214 1551 Aelius
1234 1510 1328 1550 Fab.
1344 1511 1486 1559 Brixia,
1503 1511 1607 1551 idem
1628 1513 1762 1560 frater,

53 1570 282 1629 veter[an.].
309 1573 316 1628 Ι
341 1574 453 1614 milit.
484 1576 629 1628 legion.
660 1576 747 1616 XVI
776 1578 818 1617 in
850 1577 1058 1617 Germania
1089 1590 1153 1617 an.
1184 1577 1302 1626 XXII,
1331 1591 1368 1617 V.
1399 1591 1434 1618 a.
1463 1575 1605 1634 XX[X]
1638 1609 1647 1617 .
1680 1609 1690 1618 .

166 1639 300 1673 Romae
322 1641 394 1681 (Vl
412 1642 502 1675 5560
526 1642 639 1676 deser.
662 1643 840 1684 Pighius).

165 1729 280 1777 2287
323 1732 382 1772 Ti.
410 1732 584 1773 Caesaris
609 1732 615 1787 Ι
642 1733 719 1772 divi
748 1736 847 1786 Aug.
879 1735 906 1773 f.
937 1735 1103 1786 Augusti
1129 1733 1136 1788 Ι
1162 1735 1274 1776 miles
1302 1735 1534 1784 missicius¹‚
1564 1735 1610 1775 T.
1640 1735 1764 1777 Iulius

54 1797 62 1853 Ι
83 1798 236 1848 Festus,
266 1800 443 1840 militavit
472 1813 599 1841 annos
628 1800 731 1840 XXV
757 1800 764 1854 Ι
789 1802 830 1841 in
862 1802 1017 1854 legione
1038 1802 1136 1850 XVI,
1166 1803 1324 1843 decreto
1345 1801 1551 1844 decurion.
1576 1802 1584 1855 Ι
1611 1804 1763 1856 accepit

51 1867 241 1907 frumenti
256 1858 314 1907 iis.
334 1867 405 1915 L’,
426 1868 610 1908 balneum
633 1875 672 1908 et
696 1867 704 1923 Ι
729 1870 816 1909 sui-³
843 1870 1057 1922 gratuitum
1079 1871 1119 1910 in
1141 1883 1253 1924 perp.
1273 1876 1314 1911 et
1341 1873 1496 1910 aream⁴
1525 1868 1644 1925 inlter
1661 1870 1763 1912 duos

52 1940 137 1983 (sic)
165 1938 295 1975 turres
334 1947 406 1986 per
442 1935 485 1975 Ρ.
517 1936 733 1977 Pusonium
764 1937 1031 1990 Pereggrinum
1064 1938 1207 1978 llllvir.
1238 1945 1278 1979 et
1305 1939 1358 1980 XI
1386 1940 1475 1980 vir.⁵
1503 1940 1759 1992 adsignatam.

167 1999 341 2034 Nemausi
373 2001 460 2044 (XII
477 2002 566 2036 5479
596 2003 691 2036 vidit
711 2003 944 2046 Hirschfeld).
975 2023 1018 2028 —
1054 2006 1087 2044 1)
1121 2005 1250 2038 Fuisse
1279 2006 1374 2038 hune
1402 2008 1499 2039 inter
1519 2006 1653 2039 nuilites
1677 2005 1761 2039 Ger·

52 2059 197 2091 martiae
211 2060 420 2100 superioris,
444 2059 571 2101 quibus
594 2070 628 2092 a.
650 2070 687 2102 p.
713 2060 793 2094 Chr.
817 2060 859 2093 44
882 2062 1003 2093 missio
1020 2063 1182 2104 quamvis
1203 2071 1277 2094 non
1292 2063 1545 2105 flagitantibus
1569 2063 1687 2097 oblata
1710 2067 1764 2097 est

55 2113 158 2156 (Tae.
183 2125 266 2147 ann.
283 2115 314 2154 4,
338 2114 411 2156 57),
435 2114 584 2158 ideoque
606 2115 786 2158 appellari
807 2118 1014 2158 missit-ium,
1038 2128 1112 2150 non
1134 2120 1354 2162 veter-anum,
1378 2121 1533 2152 coniecit
1553 2119 1763 2159 Hirschfeld

50 2170 93 2210 (l.
119 2171 180 2214 e.).
202 2189 247 2194 —
279 2171 314 2212 2)
336 2170 474 2204 Medios
497 2173 779 2215 quinquagenos.
803 2191 847 2197 —-
877 2173 912 2214 3)
936 2172 1018 2206 Non
1043 2174 1287 2216 intellegitur5
1308 2173 1463 2214 fortasse
1487 2176 1608 2208 debuit
1630 2187 1701 2209 esse
1725 2180 1761 2210 et

51 2225 166 2259 balnei
190 2236 287 2260 nsum
314 2226 397 2269 (pro
422 2226 512 2262 baln.
537 2232 571 2261 et
594 2228 665 2272 sui)
692 2227 939 2273 (Hirschfeld).
964 2247 1008 2254 —
1033 2231 1067 2270 4)
1090 2230 1150 2263 Ad
1180 2241 1302 2263 aream
1336 2232 1430 2264 hane
1456 2234 1641 2274 pertinent
1662 2233 1761 2265 titula·

50 2281 122 2316 XII
142 2280 296 2317 325500.
321 2302 365 2306 -
392 2285 425 2323 5)
452 2283 693 2318 L'ndeeimviri
714 2283 884 2317 Nemausi
904 2289 1091 2328 praeterea
1115 2297 1187 2319 non
1211 2288 1444 2329 reperiuntur
1465 2286 1530 2330 (eli
1555 2287 1761 2327 Hirschfeld

46 2349 85 2382 p.
108 2339 210 2381 582).

164 2427 280 2474 2268
323 2430 367 2469 T.
398 2430 551 2470 Atidius
580 2430 625 2469 T.
658 2428 723 2486 [fi]
751 2431 758 2485 Ι
784 2433 897 2472 Rom.
928 2432 1068 2473 Porcio
1095 2435 1101 2482 Ι
1127 2433 1239 2474 miles
1268 2434 1344 2486 leg.
1375 2434 1509 2474 xllx)

168 2497 290 2529 Ateste
313 2496 430 2540 (Este)
457 2497 513 2535 (V
528 2497 645 2540 2499).
668 2515 713 2522 -
738 2499 772 2538 1)
797 2497 851 2537 cr.
874 2509 984 2542 supra
1007 2498 1052 2532 Ν.
1076 2500 1178 2533 2244.

162 2585 276 2631 2269
320 2587 364 2627 L.
385 2588 564 2627 Artorius
586 2587 627 2627 C.
658 2589 683 2627 s.
715 2589 795 2628 mil.
823 2588 830 2642 Ι
854 2595 1027 2630 veteran.
1058 2591 1131 2642 leg.
1162 2589 1269 2630 x1x¹
1296 2591 1303 2645 Ι
1330 2593 1482 2633 Artoria
1514 2593 1558 2633 L.
1588 2593 1613 2632 1.
1640 2593 1753 2634 Cleo-

51 2661 161 2707 patra
187 2654 195 2705 Ι
221 2654 265 2694 L.
295 2654 477 2695 Artorius
506 2655 551 2694 L.
582 2655 607 2694 1.
638 2654 812 2696 Licinus.

64 2766 73 2769 -
166 2721 264 2753 Inter
280 2720 483 2754 Ravennam
507 2724 541 2753 et
564 2720 769 2754 Ariminum
792 2732 866 2765 rep.
884 2722 953 2762 (XI
971 2724 1040 2758 548
1062 2723 1173 2759 deser.
1190 2724 1403 2770 Boi-mann).
1420 2745 1465 2750 —
1492 2727 1524 2767 1)
1546 2726 1658 2768 Legio
1675 2725 1759 2760 XIX

50 2787 122 2811 uma
148 2787 228 2810 eum
252 2777 349 2810 Varo
370 2779 483 2820 periit
508 2776 609 2820 (Tac.
634 2788 721 2812 ann.
746 2778 776 2818 4,
800 2779 871 2822 60).
911 2778 1062 2813 Militem
1087 2783 1292 2814 veteranum
1312 2781 1546 2815 Mommsenns
1566 2785 1674 2825 putat
1697 2784 1756 2816 hie

49 2834 241 2867 secundum
266 2836 345 2866 aevi
368 2835 571 2867 vetustioris
594 2844 696 2867 usum
723 2834 797 2867 dici
820 2837 883 2878 qm·
905 2837 952 2868 sil
972 2835 1166 2869 multorum
1189 2838 1460 2880 stipendiorum.

161 2922 277 2969 22Ἶο
321 2924 364 2963 L.
397 2924 545 2964 Plinius
576 2924 664 2964 Sex.
696 2926 721 2964 s.
748 2924 755 2978 Ι
782 2925 876 2966 Fal).
913 2927 1029 2968 domo
1056 2928 1063 2980 Ι
1089 2927 1327 2980 Trumplia·‚
1362 2927 1472 2980 {mik
1504 2928 1579 2980 leg.
1618 2928 1710 2968 XX'
1750 2929 1757 2985 Ι

50 3001 244 3031 annorum
260 2991 373 3039 XLV,
400 2992 406 3043 1
432 2991 717 3043 stipendiorum
733 2991 848 3040 xvii,
875 2992 881 3046 Ι
908 2994 970 3034 hic
990 2996 1088 3035 situs
1108 3002 1178 3040 est,
1205 2994 1211 3049 Ι
1238 3001 1472 3036 testamento
1494 2996 1578 3036 fieri
1600 2994 1607 3048 Ι
1630 2996 1753 3037 iussit.

51 3058 58 3111 Ι
95 3057 300 3099 Secundus
326 3057 333 3112 Ι
360 3059 403 3098 L.
434 3059 532 3098 Plin.
564 3064 603 3098 et
632 3059 674 3099 P.
705 3059 838 3100 Mestri
863 3060 871 3114 Ι
896 3060 1061 3102 libertus
1091 3062 1193 3102 fecit.
