1968 3268
177 119 259 157 398
375 120 378 123 *
920 120 1039 165 Caput
1062 119 1125 155 IX.

281 236 432 276 cohort.
459 237 475 275 Ι
498 236 798 287 Aquitanorum,
819 235 881 274 cui
904 242 1062 287 praeest
1081 235 1133 275 M.
1157 235 1334 275 Gennius
1355 234 1406 274 Μ.
1436 236 1462 274 f.
1485 234 1590 274 Cam.
1612 233 1873 281 Corfiniuus,

166 317 211 343 ex
242 304 456 357 peditibus:
489 304 532 343 L.
566 303 716 342 Valerio
747 302 791 342 L.
822 303 848 342 f.
881 302 1051 343 Pudenti
1083 305 1227 356 Ancyr.

287 371 536 422 Descriptum
568 376 607 409 et
635 369 885 420 recognitum
917 382 964 409 ex
994 369 1126 410 tabula
1164 382 1285 410 aenea
1315 382 1414 422 quae
1444 371 1517 409 fixa
1556 375 1616 410 est
1644 369 1792 409 Romae
1832 369 1874 408 in

168 438 356 478 tribunali
389 438 594 477 Caesarum
626 436 854 489 Vespasiani
885 437 930 476 T.
962 437 1205 477 Domitiani.⁹
1268 438 1315 484 Q.
1346 437 1450 478 Muci
1479 436 1703 489 Augustalis
1736 459 1794 466 —
1832 435 1873 476 C.

165 506 328 558 Pompei
367 505 569 557 Eutrapeli
608 527 659 533 —
701 504 742 544 C.
772 504 844 544 Iuli
876 504 1090 546 Clementis
1123 528 1181 534 —
1210 505 1253 545 L.
1285 505 1385 545 Pulli
1417 505 1570 558 Sperati
1600 527 1655 534 —
1694 505 1738 545 P.
1768 504 1872 545 Atini

167 573 255 613 Rufi
286 597 342 603 —
374 573 414 612 C.
446 572 605 612 Lucreti
635 572 801 611 Modesti
830 595 887 601 —
918 572 960 612 P.
992 573 1097 613 Atini
1128 572 1392 613 Amerimni.¹⁰

277 640 483 683 Diptyclzon
500 649 659 680 aeneum,
683 649 757 681 rep.
774 649 885 681 prope
906 638 1098 672 Tirnovam
1117 638 1225 682 (Epa.
1241 640 1355 682 epigr.
1370 642 1391 673 4
1410 650 1448 683 p.
1465 640 1529 673 496
1539 639 1627 683 seq).
1644 658 1690 664 -
1709 639 1740 680 1)
1756 639 1800 674 A.
1815 640 1874 673 82.

167 715 211 720 —
238 697 272 738 2)
290 694 342 735 Cf.
361 706 472 739 supra
495 695 541 729 Ν.
558 696 645 729 4992
670 698 743 728 not.
767 695 803 730 2.
821 713 866 719 --
890 696 924 736 3)
949 696 1008 728 Ex
1031 697 1087 728 llis
1102 706 1227 729 novem
1251 696 1459 729 cohortibus
1474 706 1538 728 sea-
1553 696 1742 728 habuimus
1763 705 1874 738 supra

161 751 207 786 N.
220 752 319 793 4992,
337 755 415 785 octo
434 751 585 795 (scilicet
601 762 720 785 omnes
731 754 880 794 praeter
892 752 1073 785 cohortem
1083 754 1244 795 primam
1259 752 1534 793 Germanorum)
1550 751 1700 785 redeunt
1716 750 1818 792 infra
1832 753 1874 784 in

162 810 414 842 constitutione
437 810 527 841 anni
541 810 595 842 90.
612 827 656 832 -
674 810 709 848 4)
728 806 953 849 Intellegitur
972 807 1164 842 Germania
1188 810 1365 852 superior.
1381 827 1429 835 -—
1445 810 1478 851 5)
1501 808 1612 842 Homo
1635 810 1743 841 notus
1766 808 1874 841 etiam

161 876 208 908 ea:
223 866 335 899 Plinii
359 865 520 908 epistulis
546 865 593 907 (4,
617 865 661 898 42
680 867 766 905 cet.;
790 862 836 903 cll
855 864 1047 898 Mommsen
1064 866 1139 901 ind.
1156 866 1264 908 Ptin.)
1280 885 1327 891 —
1351 866 1385 907 6)
1410 865 1534 899 Iudice
1548 864 1763 898 Mommseno
1786 865 1874 897 haec

159 922 220 955 ala
252 923 388 964 haeque
415 923 594 964 cohor-tes,
625 932 714 964 quas
746 931 778 955 a.
803 920 843 953 74
873 923 1071 963 reperimus
1101 921 1213 961 fuisse
1244 923 1284 954 in
1312 922 1503 955 Germania
1536 921 1664 965 (supra
1687 919 1734 955 N.
1756 920 1874 964 4992),

159 980 268 1011 etiam
301 989 333 1012 a.
357 979 403 1012 82
435 989 508 1011 non
536 989 625 1021 pars
655 977 806 1017 fuerunt
838 980 1016 1011 caver-citus
1039 977 1205 1020 Moesici,
1235 978 1298 1011 sed
1326 989 1372 1010 exc
1402 979 1564 1011 exercitu
1589 977 1799 1011 Germanico
1829 977 1872 1009 ob

159 1037 277 1068 nescio
303 1046 408 1078 quam
442 1035 704 1077 exepeditionem
736 1035 775 1067 in
799 1034 969 1068 Moesiam
1000 1037 1139 1069 missae.
1163 1053 1209 1058 -—-
1234 1036 1267 1076 7)
1290 1034 1344 1067 De
1373 1035 1439 1067 lzoc
1465 1035 1598 1068 Ceriali
1628 1033 1676 1074 cl:
1700 1033 1770 1068 Mo.
1794 1034 1873 1076 oph.

160 1102 213 1134 ep.
237 1093 256 1124 4
278 1102 316 1134 p.
339 1093 413 1124 494.
436 1110 480 1114 —
507 1091 539 1132 8)
564 1091 605 1124 49
630 1090 725 1133 Sept.
751 1092 800 1130 (a.
824 1092 888 1131 82,
921 1090 968 1129 cs:
993 1095 1067 1125 not.
1093 1091 1132 1132 4,·
1163 1091 1345 1123 consulum
1373 1101 1445 1133 par
1471 1093 1660 1134 praeterea
1689 1093 1873 1132 ignauam,-

162 1148 255 1180 alter
278 1158 325 1180 ea:
349 1149 417 1188 eis,
453 1147 618 1189 Quietus,
648 1158 681 1180 a.
705 1148 750 1180 80
774 1146 899 1187 fuerat
928 1148 1067 1190 legatus
1091 1147 1243 1191 Lyciae,
1279 1146 1313 1181 C.
1339 1147 1369 1180 I.
1396 1147 1455 1181 Gr.
1479 1148 1567 1182 4500
1603 1145 1651 1186 cf.
1680 1145 1805 1179 Reisen
1834 1147 1873 1178 in

162 1203 301 1248 Lylez'en
326 1204 365 1236 II
385 1214 420 1246 p.
444 1205 486 1236 49
511 1206 583 1237 not.
608 1204 655 1247 6).
681 1222 726 1226 -
759 1205 794 1246 9)
819 1203 880 1237 Sic
910 1205 1092 1247 scriptura
1126 1204 1307 1243 extu-ior,-
1334 1201 1463 1236 Romae
1494 1202 1527 1236 in
1562 1202 1731 1247 Capitolio
1761 1203 1874 1245 scrip-

161 1264 245 1293 tura
277 1262 443 1293 interior.
475 1279 519 1283 —
555 1262 609 1302 10)
641 1259 853 1302 signatores
884 1260 1034 1293 redeunt
1065 1263 1103 1292 in
1136 1260 1314 1303 diptychis
1345 1259 1500 1292 aliorum
1530 1259 1686 1292 militum
1719 1258 1874 1292 eiusdem

161 1319 304 1357 aetatis,
338 1316 377 1358 Q.
403 1316 544 1349 Mucius
566 1316 781 1358 Augustalis
814 1317 854 1348 in
887 1316 1068 1359 diptychis
1091 1316 1246 1348 militum
1277 1318 1596 1350 eoeauctoratorum
1619 1327 1651 1350 a.
1672 1315 1730 1350 83.
1753 1316 1807 1350 84.
1830 1316 1873 1348 90

159 1372 277 1413 (infra
293 1372 339 1406 Ν.
356 1373 538 1413 4996-8),
556 1372 591 1406 C.
608 1374 794 1414 Pompeius
810 1373 1028 1415 Eutrapelus
1043 1374 1083 1405 in
1101 1373 1281 1416 diptychis
1298 1373 1562 1414 pertinentibus
1577 1372 1626 1406 ad
1639 1383 1672 1406 a.
1688 1373 1732 1406 80
1748 1371 1803 1412 (C.
1818 1371 1877 1404 ΙΙΙ

158 1441 194 1472 p.
211 1431 293 1469 854)
318 1430 373 1462 83.
391 1431 434 1462 90
460 1428 577 1469 (infra
601 1428 645 1462 N.
663 1429 756 1462 4996.
773 1431 824 1471 8),
850 1428 883 1462 0.
902 1429 1015 1461 Iulius
1035 1429 1191 1462 Clemens
1215 1440 1247 1463 a.
1272 1431 1314 1463 84
1339 1433 1374 1462 et
1397 1440 1429 1462 a.
1452 1431 1496 1462 90
1521 1427 1639 1472 (infra
1662 1427 1708 1463 N.
1723 1426 1873 1472 499718),

160 1486 200 1519 L.
226 1487 364 1519 Pullius
381 1485 553 1527 speratus
577 1497 608 1519 a.
626 1487 669 1518 80
696 1485 748 1525 (C.
775 1485 833 1518 ΙΙΙ
848 1495 886 1528 p.
903 1486 985 1529 854)
1011 1489 1044 1518 et
1069 1497 1102 1519 a.
1127 1487 1174 1520 93
1199 1485 1252 1526 (C.
1277 1485 1335 1518 III
1361 1497 1398 1528 p.
1413 1487 1508 1528 859),
1533 1485 1571 1519 P.
1594 1485 1741 1518 Atinius
1755 1482 1872 1524 Rufus

160 1554 192 1575 a.
216 1542 256 1575 74
281 1544 407 1582 (supra
435 1541 477 1574 Ν.
502 1541 605 1582 4992)
631 1544 666 1573 et
692 1552 725 1574 a.
749 1543 792 1574 80
817 1544 851 1573 et
874 1553 907 1574 a.
931 1543 978 1576 85
1002 1545 1037 1574 et
1067 1553 1100 1576 a.
1125 1544 1184 1582 84,
1224 1542 1259 1575 C.
1284 1541 1472 1575 Lucretius
1495 1541 1675 1576 Modestus
1705 1552 1739 1575 a.
1767 1541 1816 1575 85
1839 1544 1874 1574 ee

158 1611 190 1632 a.
215 1600 258 1631 84
282 1601 317 1630 et
348 1609 380 1633 a.
404 1599 465 1638 90,
501 1599 534 1631 P.
559 1599 705 1630 Atinius
729 1599 957 1631 Amerimnus
993 1610 1024 1631 a.
1048 1599 1096 1632 93
1119 1601 1154 1631 et
1182 1610 1214 1632 a.
1239 1599 1314 1632 408.
1361 1599 1523 1642 Apparet
1549 1599 1766 1642 temporibus
1786 1596 1873 1631 Fla-

157 1657 296 1688 uiorum
313 1654 508 1696 diplomata
523 1654 679 1687 militum
696 1656 841 1696 signata
858 1665 930 1687 non
955 1666 1027 1687 esse
1050 1657 1094 1688 ab
1118 1665 1240 1688 eorum
1265 1656 1401 1697 amicis,
1424 1657 1467 1687 ut
1488 1657 1606 1697 antea,
1628 1654 1691 1688 sed
1703 1654 1871 1687 videntur

158 1714 191 1744 ei
208 1713 271 1754 qui
288 1712 483 1754 dzplomata
501 1711 736 1751 conficiebant
752 1715 868 1744 certos
885 1712 1043 1745 homines
1059 1722 1105 1744 ea:
1116 1712 1219 1754 plebe
1235 1713 1375 1744 urbana
1401 1711 1450 1744 ad
1465 1721 1542 1744 eam
1557 1721 1632 1744 rem
1655 1711 1869 1746 adhibuisse.

276 1779 391 1825 1996
435 1777 541 1837 [imp.
576 1777 731 1836 Caes]ar
769 1781 845 1820 divi
876 1781 1111 1833 Vespasiani
1151 1783 1177 1820 f.
1158 1778 1479 1843 —Domitianu[s
1514 1779 1726 1838 AumastJus
1763 1793 1866 1834 pon-

158 1850 253 1889 tifex
283 1850 487 1896 maximus,
520 1849 705 1888 tribunic.
739 1845 933 1905 [potestaJt
953 1850 1002 1897 ΙΙ,
1034 1851 1128 1903 imp.
1160 1850 1227 1897 ΙΙΙ,
1259 1862 1296 1900 p.
1331 1862 1392 1901 p.
1430 1861 1510 1889 cos.
1543 1849 1648 1889 v1111
1677 1851 1868 1904 designat.

154 1917 225 1965 X¹‚
270 1913 485 1971 [equitibus]
523 1923 561 1956 et
599 1916 816 1968 peditibus,
858 1918 925 1969 qui
967 1918 1137 1958 militant
1175 1917 1214 1957 in
1254 1916 1325 1957 alis
1368 1913 1512 1972 [tribus
1548 1913 1601 1973 eJt
1639 1919 1869 1960 cohortibus

157 1992 330 2037 septem,
368 1996 467 2035 quae
506 1980 786 2040 appel[lantur]
826 1986 873 2036 (1)
905 1986 1083 2037 Augusta
1124 1992 1163 2025 et
1204 1986 1252 2036 (2)
1282 1985 1459 2036 Apriana
1491 1990 1531 2024 et
1561 1985 1610 2036 (3)
1640 1984 1869 2039 Commage-

158 2065 322 2099 norum,
355 2058 394 2092 et
425 2054 473 2102 (1)
495 2041 529 2091 Ῑ
552 2052 851 2092 Pannoniorum
882 2059 920 2093 et
950 2054 999 2103 (2)
1016 2043 1050 2092 Ῑ
1075 2054 1343 2105 Hispanorum
1379 2058 1419 2092 et
1446 2039 1684 2104 (3)TF1avia
1704 2053 1867 2094 Cilicum

159 2127 197 2161 et
228 2121 276 2171 (4)
296 2110 328 2159 ἶ
354 2126 393 2159 et
422 2121 470 2170 (5)
488 2109 545 2159 ‘ff
567 2119 842 2160 Thebaeorum
873 2127 912 2161 et
942 2123 988 2173 (6)
1012 2110 1069 2161 'ff
1089 2129 1128 2161 et
1157 2123 1207 2172 (7)
1230 2110 1599 2168 ffllturaeo1·um²‚
1635 2127 1675 2160 et
1703 2127 1798 2162 sunt
1824 2122 1866 2161 in

154 2190 333 2241 Aegypto
355 2187 428 2228 sub
451 2188 493 2226 L.
516 2188 683 2227 Laberio
706 2187 910 2237 Maximo³‚
943 2190 1008 2240 qui
1041 2189 1163 2241 quina
1195 2194 1233 2228 et
1263 2188 1400 2228 vicena
1431 2187 1626 2240 stipendia
1656 2194 1723 2228 aut
1751 2188 1866 2241 plura

154 2263 394 2303 meruerant,
428 2267 596 2307 quorum
619 2256 780 2295 nomina
801 2255 1024 2309 subscripta
1047 2263 1158 2297 sunt:
1191 2256 1285 2308 ipsis
1307 2255 1444 2295 liberis
1463 2255 1709 2308 posterisque
1729 2268 1868 2296 eorum

155 2325 349 2363 civitatem
380 2323 487 2362 dedit
516 2329 554 2362 et
585 2323 800 2363 conubium
832 2337 923 2363 cum
954 2324 1158 2372 uxoribus,
1190 2335 1286 2374 quas
1319 2329 1416 2362 tunc
1444 2323 1674 2363 habuissent
1696 2335 1787 2362 cum
1808 2331 1868 2364 est

155 2391 288 2430 civitas
319 2391 365 2430 iis
395 2392 495 2439 data,
526 2398 593 2430 aut
623 2391 653 2431 si
686 2392 753 2442 qui
785 2392 952 2432 caelibes
983 2398 1138 2438 essent,
1170 2403 1260 2431 cum
1291 2390 1340 2430 iis
1372 2403 1469 2442 quas
1497 2395 1634 2442 postea
1663 2390 1867 2431 duxissent

154 2459 354 2498 dumtaxat
374 2459 519 2509 singuli
539 2458 725 2509 singulas.
777 2460 820 2498 Α.
843 2459 879 2498 d.
897 2459 927 2497 V
949 2460 1035 2499 idus
1056 2459 1188 2498 Iunias
1209 2458 1338 2497 Tettio
1362 2457 1527 2505 Iuliano,
1548 2457 1734 2498 Terentio
1755 2458 1864 2498 Stra-

154 2526 259 2565 bone
290 2526 434 2565 Erucio
467 2526 650 2565 Homullo
683 2528 787 2566 cos.⁴

267 2593 420 2633 cohort.
455 2582 487 2630 Ῑ
510 2593 796 2644 Hispanorum,
837 2594 900 2634 cui
940 2601 1070 2646 praest
1106 2594 1157 2633 M.
1189 2591 1375 2632 Sabinius
1406 2591 1578 2639 Fuscus,
1618 2592 1862 2632 centurioni:

153 2662 194 2701 C.
226 2661 324 2701 Iulio
356 2661 397 2700 C.
429 2661 455 2698 f.
488 2659 704 2699 Saturnino
737 2661 845 2701 Chio.

266 2728 517 2779 Descriptum
561 2733 599 2766 et
639 2729 886 2779 recognitum
928 2742 974 2768 ex
1008 2729 1138 2769 tabula
1169 2740 1290 2768 aenea
1321 2739 1420 2778 quae
1450 2727 1524 2766 fixa
1555 2732 1615 2767 est
1644 2725 1791 2765 Romae
1819 2726 1860 2765 in

154 2796 345 2848 Capitolio
386 2796 487 2834 intra
533 2795 688 2834 ianuam
722 2795 817 2846 Opis
848 2797 893 2835 ad
926 2797 1026 2836 latus
1057 2797 1249 2836 dextrum.
1310 2791 1373 2850 [Q.
1407 2791 1525 2850 Muci]
1555 2792 1777 2844 Augustalis
1807 2816 1862 2822 —

156 2861 215 2917 [C.
244 2859 414 2917 Pompei]
446 2862 645 2914 Eutrapeli
675 2884 730 2891 —
764 2858 823 2916 [C.
845 2860 1009 2918 Lucreti]
1041 2863 1204 2903 Modesti
1225 2885 1281 2891 —
1313 2860 1375 2917 [P.
1398 2858 1518 2916 Atini]
1539 2860 1627 2900 Rufi
1648 2881 1703 2887 —-
1724 2888 1734 2897 .
1758 2889 1767 2898 .
1791 2889 1800 2897 .
1822 2860 1861 2899 di

157 2931 368 2970 Sementivi
400 2953 455 2958 ——
488 2959 663 2968 ......
696 2929 842 2969 Celeris
872 2952 922 2958 -κ
958 2960 1131 2969 ......
1163 2929 1299 2969 Prisci.

271 2985 479 3028 Diptyclzon
503 2995 650 3017 aeneum
667 2994 740 3016 non
757 2988 947 3027 integrum,
972 2995 1046 3027 rep.
1072 2985 1173 3028 Copti
1196 2987 1235 3017 in
1251 2984 1417 3027 Aegypto
1435 2982 1542 3024 (Epa,
1567 2982 1679 3023 epigr.
1701 2982 1724 3014 5
1745 2992 1780 3024 p.
1798 2982 1858 3015 644

163 3041 283 3080 -645,
309 3041 420 3073 deser.
442 3040 632 3082 Maspero).
658 3059 702 3063 —
730 3041 761 3081 1)
785 3041 827 3073 A.
844 3041 901 3074 85.
925 3058 970 3065 ——
995 3042 1029 3082 2)
1052 3042 1158 3074 Alam
1180 3041 1392 3082 Aprianam‚
1418 3038 1577 3071 cohortes
1595 3038 1751 3079 primam
1776 3037 1860 3070 Fla-
