1968 3268
83 254 124 287 10

85 457 124 492 15

84 728 124 761 20

85 931 123 964 25

86 1133 126 1166 30

90 1336 128 1369 35

92 1810 131 1842 45

156 133 239 171 102
396 114 399 116 ’
910 130 1032 175 caput
1056 129 1102 164 11.

267 247 515 298 Quamquam
534 246 780 299 Tyranorum
804 244 937 284 civitas
968 244 1170 295 oreginem
1197 243 1204 297 Ι
1230 244 1308 283 dati
1339 244 1519 284 beneficii
1551 257 1632 285 non
1664 245 1856 294 ostendat,

155 328 231 355 nec
261 314 372 354 facile
403 326 504 366 quae
529 312 536 367 Ι
561 326 634 366 per
663 325 838 352 errorem
870 319 936 352 aut
965 312 1162 352 licentiam
1193 317 1380 364 usurpata
1399 319 1504 361 sunt,
1534 310 1857 367 praeffscriptione

154 382 345 434 temporis
375 383 675 428 confirmentur,
706 387 851 428 tamen,
883 380 1070 431 quoniam
1101 379 1176 418 divi
1197 380 1389 420 Antonini
1419 381 1594 432 parentis
1623 381 1773 422 nostri²
1795 381 1859 421 lit-

154 448 269 504 telras
299 450 368 490 sed
399 455 438 490 et
468 450 632 489 fratrum
662 447 970 500 imperatorum³
1001 447 1231 499 cogitamus,
1261 448 1355 488 item
1381 446 1388 500 Ι
1413 449 1576 489 Antonii
1603 449 1740 489 Hiberi
1768 461 1859 501 gra-

153 517 298 558 vissimi
328 517 531 569 praesidis,
562 515 670 568 quod
699 515 839 555 attinet
864 514 871 568 Ι
897 515 945 555 ad
974 515 1080 567 ipsos
1104 514 1280 567 Tyranos
1309 515 1458 568 quique
1487 516 1535 556 ab
1565 516 1612 557 iis
1641 515 1860 557 secundum

153 585 262 637 leges
288 584 294 638 Ι
320 596 459 624 eorum
488 584 529 624 in
562 595 772 623 numerum
803 583 945 623 civium
977 582 1171 635 adsumpti
1203 590 1306 631 sunt,
1338 596 1384 623 ex
1415 581 1594 638 prilstino
1622 596 1733 624 more
1763 583 1860 623 nihil

153 652 296 694 mutari
333 652 526 692 volumus.
587 651 799 691 Retineant
831 649 838 704 Ι
873 651 992 703 igitur
1030 662 1186 703 quaqua
1222 651 1375 691 ratione
1413 651 1630 703 quaesitam
1659 651 1739 692 sive
1766 663 1861 703 pos-

155 732 303 761 sessam
328 718 334 773 Ι
362 719 553 772 privilegii
583 731 762 767 causam,
800 719 841 758 in
880 718 1190 770 promercalibus
1220 731 1378 771 quoque
1407 718 1557 774 rejbus,
1596 731 1693 771 quas
1729 723 1861 759 tamen

153 788 322 841 pristino
361 800 472 828 more
509 786 824 840 professionibus
857 786 864 839 Ι
898 787 946 826 ad
985 787 1245 827 discernenda
1287 787 1472 827 munifica
1514 786 1861 827 mercimoniorum

154 853 338 910 edenldas
379 868 464 895 esse
504 855 770 894 meminerint.
831 854 909 893 Sed
948 867 1037 894 cum
1068 855 1211 908 lllyrici
1250 855 1443 895 sructum⁴
1469 854 1476 907 Ι
1501 867 1573 907 per
1607 854 1862 894 ambitionem

155 923 331 963 deminui
353 936 433 963 non
458 928 648 975 oporteat,
679 922 806 963 sciant
830 921 836 976 Ι
863 935 943 971 eos,
974 923 1042 974 qui
1062 923 1224 975 posthac
1247 922 1394 963 fuerint
1421 922 1630 975 adsumpti,
1660 923 1830 962 fructum
1852 920 1858 974 Ι

155 990 414 1031 immunitatis
444 990 496 1030 ita
526 990 683 1029 demum
714 989 936 1038 habituros,
976 990 1007 1030 si
1047 1003 1115 1030 eos
1144 991 1294 1042 legatus
1319 989 1325 1044 Ι
1352 996 1392 1030 et
1420 990 1568 1030 amicus
1597 995 1734 1030 noster
1759 1001 1796 1028 V.
1826 1001 1862 1029 c.

156 1059 242 1099 iure
273 1058 437 1099 civitatis
467 1057 610 1109 dignos
645 1070 751 1106 esse,
790 1055 960 1111 delereto
1001 1059 1326 1110 pronuntiaverit.
1394 1057 1502 1104 Quos
1538 1057 1734 1098 credimus
1770 1057 1863 1097 satis

157 1124 431 1180 albundequae
461 1131 543 1171 (sic)
576 1125 652 1165 sibi
683 1125 929 1174 consultum,
968 1126 1000 1166 si
1037 1127 1137 1178 grati
1177 1126 1343 1175 fuerint,
1384 1125 1704 1177 existimaturos,
1742 1125 1861 1177 quod,

157 1195 310 1246 origine
340 1194 524 1234 beneficii
555 1206 637 1233 non
668 1190 866 1248 quaesilta,
897 1193 1039 1246 dignos
1068 1195 1222 1235 honore
1253 1194 1355 1234 cives
1383 1194 1469 1233 fieri
1498 1193 1830 1246 praeceperimus.
1854 1190 1860 1247 Ι

266 1256 485 1310 Ὀουῒνιος
521 1259 786 1313 Τέρτυλλος5
823 1256 1007 1314 ἄρχουσι
1042 1262 1180 1318 βουλῇ
1218 1259 1353 1317 δήΙμῳ
1392 1261 1602 1316 Τυρανιῦν
1637 1263 1821 1316 χαίρειν.
1854 1258 1860 1315 Ι

154 1323 457 1385 Ἀντίγραφον
477 1329 566 1370 τῶν
586 1331 729 1371 θείων
747 1327 1030 1384 γραμμάτων,
1053 1328 1368 1387 πεμΙφθέντων
1387 1344 1466 1383 μοι
1484 1324 1573 1371 ὑπὸ
1595 1329 1684 1371 τῶν
1702 1330 1864 1382 κυρίων

158 1393 283 1453 ἡμῶν
315 1391 567 1452 ἇνειΙκήτων
595 1396 671 1438 καὶ
702 1389 1025 1449 εὐτυχεστάτων
1057 1391 1403 1453 αὐτοκρατόρων,
1430 1395 1437 1447 Ι
1462 1394 1637 1446 τούτοις
1664 1410 1750 1450 μου
1769 1402 1865 1445 τοῖς

159 1463 415 1520 γράμμασιν
444 1461 683 1519 προέταξα,
721 1457 859 1518 ὅΙπως
887 1462 1063 1519 γνόντες
1091 1462 1170 1522 τὴν
1199 1467 1333 1507 θείαν
1365 1462 1428 1514 εἷς
1456 1459 1571 1518 ὑμᾶς
1599 1461 1865 1519 μεγαλοΙδω-

161 1535 262 1588 ρίαν
298 1532 354 1588 τῇ
390 1529 556 1587 μεγάλῃ
594 1525 740 1573 αὐτῶν
775 1528 880 1587 τύχῃ
921 1525 1287 1590 εὖχαριστήΙσητε.
1350 1526 1603 1589 Ἐῤῥιῦσθαι
1638 1527 1753 1586 ὑμᾶς
1789 1530 1866 1573 καὶ

161 1594 354 1653 εὐτυχεῖν
383 1598 582 1652 πολΙλοῖς
612 1596 755 1641 ἔτεσιν
787 1595 983 1653 εὔχομαι.

270 1662 507 1723 Ἀπεδόθη
542 1663 630 1722 πρὸ
660 1666 665 1720 Ι
703 1665 756 1722 ιγ’
796 1666 1025 1710 καλανδῶν
1055 1669 1290 1722 Μαρτίων,
1325 1667 1588 1723 Ληνειῦνος“ς
1617 1663 1671 1722 η’.
1705 1664 1711 1719 Ι
1739 1659 1866 1709 'Ave-

163 1733 311 1791 στάθη
353 1732 431 1777 ἐπὶ
470 1735 734 1777 Μουκιανοῦ
772 1736 847 1778 καὶ
891 1736 1121 1789 Φαβιανοῦ
1159 1730 1367 1776 ὑπάτων7
1409 1732 1454 1777 ἓν
1490 1734 1555 1789 τῷ
1592 1734 1671 1789 W>
1702 1731 1826 1785 iireffl,
1856 1730 1863 1788 Ι

162 1797 296 1860 ἀρχῆς
326 1805 385 1844 Π.
416 1800 586 1844 Αἰλίου
617 1802 947 1857 Καλπουρνίου.

275 1868 360 1911 Rep.
385 1870 424 1901 in
448 1871 529 1911 ripa
553 1870 714 1909 fluminis
741 1868 856 1912 Tyr-ae
880 1869 1000 1909 (hodie
1015 1869 1196 1911 Dniestr)‚
1228 1870 1304 1902 loco
1335 1869 1377 1901 ab
1402 1867 1604 1911 Akerman,
1634 1868 1697 1900 ubi
1727 1867 1868 1900 videtur

162 1924 274 1965 fuisse
290 1926 416 1957 civitas
437 1924 561 1968 Tyras,
586 1925 810 1966 aliquantum
827 1925 992 1968 distante,
1013 1928 1064 1958 est
1081 1926 1229 1958 Odessae
1246 1924 1388 1964 (111784
1396 1936 1410 1963 ,·
1430 1923 1640 1968 Latyscbew
1655 1925 1765 1958 inscr-
1783 1933 1869 1956 orae

161 1984 328 2024 septentr.
346 1982 452 2013 Ponti
466 1981 563 2014 Eum.
582 1982 603 2013 I
616 1992 650 2023 p.
668 1981 709 2014 ’10
727 1982 796 2024 tab.
814 1981 859 2022 I).
900 1981 1086 2024 Legunlur
1101 1984 1141 2014 in
1157 1983 1223 2014 lzac
1241 1981 1360 2014 tabula
1383 1980 1554 2024 epistulae
1570 1981 1694 2014 Severi
1709 1983 1743 2014 et
1759 1981 1868 2014 Cara-

164 2038 276 2071 callae
309 2036 560 2077 confirmantes
592 2039 852 2069 immunitatem
883 2049 904 2070 a
929 2039 1106 2080 portoriis
1130 2037 1194 2079 (cf.
1218 2040 1291 2071 not.
1311 2039 1366 2080 4),
1396 2048 1465 2080 qua
1494 2036 1633 2082 Tyrani
1662 2036 1868 2080 luebantur,

162 2096 267 2137 prior
290 2094 461 2136 acephala
485 2094 603 2126 nescio
629 2093 677 2125 ad
700 2103 801 2135 quem
824 2096 969 2136 scripta,
994 2094 1110 2127 altera
1133 2095 1269 2137 scripta
1287 2094 1335 2126 ad
1352 2093 1571 2127 Heraclitum
1595 2092 1765 2135 (fortasse
1782 2104 1869 2137 pro-

164 2152 404 2192 curatorem);
427 2151 590 2192 sequitur
614 2149 767 2191 epistula
793 2149 904 2192 legati
925 2152 1135 2194 provinciae
1157 2150 1311 2183 Moesiae
1326 2148 1515 2189 inferioris
1536 2150 1586 2183 ad
1603 2149 1774 2195 Tyr-anos,
1798 2161 1869 2193 qua

164 2209 213 2239 eis
229 2209 404 2249 rescripta
421 2207 679 2248 imperatorum
703 2208 924 2239 transmittit.
942 2226 984 2231 —
1005 2209 1037 2249 1)
1054 2207 1276 2249 Principium
1298 2208 1435 2250 prioris
1457 2206 1637 2249 epistulae,
1661 2206 1711 2239 ad
1729 2216 1868 2239 sensum

163 2261 251 2304 fere,
277 2262 435 2305 emplevit
457 2262 526 2295 Mo.
551 2281 596 2286 ——
621 2263 655 2302 2)
680 2262 905 2304 Intellegitur
930 2263 1024 2296 Pius.
1051 2281 1091 2287 —
1117 2264 1151 2304 3)
1175 2262 1319 2296 Marcus
1343 2265 1378 2295 et
1402 2262 1526 2296 Verus.
1551 2282 1594 2287 -
1625 2264 1659 2306 4)
1682 2262 1869 2306 Illyricum

165 2319 413 2361 appellabatur
443 2318 597 2360 vectigal
621 2320 783 2360 portoria·
808 2320 1082 2361 provinciarum
1112 2320 1256 2362 imperii
1282 2318 1434 2352 Romani
1456 2319 1755 2352 Danuvianarum
1785 2322 1870 2352 teste

163 2376 330 2417 Appiano
355 2375 457 2418 Illyr.
480 2377 512 2417 6,
536 2374 690 2407 conlatis
712 2377 1007 2418 inscriptionibus
1030 2376 1292 2418 compluribus‚·
1320 2374 1367 2414 cf.
1391 2375 1604 2418 Marquardt
1635 2375 1787 2409 Staatsr.
1810 2375 1870 2408 11²

162 2430 240 2464 274.
263 2432 341 2464 275.
383 2430 486 2471 Quod
508 2432 680 2463 immunes
703 2429 853 2469 fuerunt
876 2434 919 2465 ab
944 2434 1010 2465 hoc
1032 2434 1213 2475 portorio,
1245 2434 1323 2464 sinc
1353 2432 1460 2465 dubio
1487 2431 1624 2475 Tyr-ani
1645 2433 1871 2465 retinuerant

166 2497 212 2519 ew
236 2487 453 2528 temporibus
477 2488 604 2529 quibus
627 2487 786 2519 nondum
808 2486 978 2521 Romanis
1009 2488 1161 2529 fuerunt
1182 2489 1332 2521 subiecti
1356 2487 1420 2528 (cll
1444 2498 1534 2530 quae
1557 2488 1639 2521 dixi
1661 2488 1776 2522 Herm.
1801 2488 1869 2522 vol.

164 2543 217 2582 49,
234 2543 330 2584 530).
363 2561 405 2566 -—
440 2544 472 2584 5)
500 2542 646 2575 Ovinius
673 2542 850 2576 Tertullus
877 2545 1014 2586 legatus
1046 2544 1121 2584 fuit
1147 2546 1357 2588 provinciae
1378 2543 1532 2577 Moesiae
1554 2543 1743 2584 inferioris
1766 2545 1866 2587 (Dig.

164 2600 217 2639 49,
243 2599 295 2639 15,
310 2600 350 2638 9;
375 2597 528 2631 miliarii
552 2598 698 2631 Moesici
722 2599 780 2631 III
800 2599 837 2632 S.
860 2601 1103 2644 7602—7604).
1128 2620 1171 2625 -—
1196 2602 1229 2643 6)
1253 2601 1382 2634 Mensis
1405 2611 1491 2634 anm
1514 2601 1662 2644 Milesii,
1694 2612 1762 2644 quo
1795 2605 1869 2634 ute·

167 2656 299 2687 bantur
326 2653 464 2697 Tyrani
489 2657 611 2696 utpote
643 2655 761 2687 coloni
783 2656 1015 2691 Milesiorum.
1051 2677 1090 2682 —
1125 2660 1157 2700 7)
1182 2657 1223 2690 ’17
1245 2657 1350 2690 Febr.
1372 2657 1449 2691 201.
1472 2676 1517 2681 —
1542 2659 1575 2699 8)
1598 2658 1724 2691 Annus
1749 2657 1878 2692 CXLV

168 2722 274 2744 aerae
307 2709 482 2753 Tyranae.
528 2710 754 2752 Intellegitur
786 2722 831 2743 ea:
855 2713 919 2744 Ιιοο
951 2714 1055 2747 titulo
1088 2717 1122 2746 et
1153 2725 1198 2746 σω
1229 2713 1358 2755 altero,
1391 2723 1491 2756 quem
1522 2713 1635 2746 edidit
1661 2714 1868 2758 Latysclzew

167 2769 274 2801 inser.
300 2777 385 2799 orac
408 2769 577 2809 septentr.
602 2768 707 2800 Ponti
722 2767 864 2799 Euxini
887 2769 908 2800 I
925 2780 961 2811 p.
978 2771 1011 2811 5,
1040 2769 1202 2813 Tyranos
1227 2780 1339 2803 annos
1360 2779 1562 2802 numerasse
1584 2771 1628 2803 ab
1653 2781 1685 2803 a.
1711 2772 1773 2813 qui
1795 2769 1870 2809 fuit

166 2834 202 2867 p.
230 2824 263 2857 G.
285 2823 339 2856 57.
379 2823 557 2857 Videntur
581 2832 620 2855 eo
646 2833 739 2855 anno
763 2825 911 2866 imperio
936 2825 1093 2859 Romano
1119 2828 1284 2859 accesisse
1309 2824 1372 2866 (cf.
1388 2825 1563 2868 Borghesi
1586 2836 1665 2869 opp.
1681 2828 1704 2859 8
1721 2837 1759 2869 p.
1775 2827 1871 2868 427).

282 2945 368 2991 424
413 2948 506 2998 imp.
539 2947 647 2986 Caes.
678 2947 754 2986 divi
785 2947 834 2985 Μ.
866 2948 1057 2987 Antonini
1090 2949 1146 2988 Pii
1176 2949 1306 2988 Germ.
1338 2949 1462 2988 Sarm.
1493 2949 1616 2997 filius,
1648 2949 1722 2989 divi
1754 2950 1869 2990 Com-

170 3015 275 3055 modi
316 3016 455 3063 frater,
496 3015 571 3054 divi
601 3014 793 3054 Antonini
825 3014 881 3053 Pii
913 3027 1017 3066 nep„
1057 3017 1132 3055 divi
1164 3017 1350 3057 Hadriani
1387 3029 1568 3069 prouep.,
1608 3017 1683 3057 divi
1714 3017 1871 3058 Traiani
