1968 3268
162 92 246 132 330
381 118 383 121 -
912 93 1032 139 caput
1054 93 1118 129 VI.

273 206 384 252 1514
428 208 576 249 Musico
607 207 664 247 Ti.
696 206 871 248 Caesaris
900 208 1066 259 Augusti
1098 206 1105 261 Ι
1140 207 1338 248 Scurrano
1377 208 1479 261 disp.
1516 209 1566 250 ad
1601 210 1741 251 fiscum
1769 210 1861 252 Gal-

160 275 279 316 licum
303 273 310 331 Ι
330 276 555 329 provinciae
576 274 866 326 Lugdunensis,
893 273 900 328 Ι
927 287 973 314 ex
992 275 1131 315 vicaris
1151 275 1235 315 eius
1246 276 1272 324 ¹,
1303 276 1371 328 qui
1390 289 1480 316 cum
1502 289 1549 317 eo
1569 276 1717 318 Romae
1737 289 1830 319 cum
1849 274 1859 331 Ι

158 343 327 384 decessit
356 343 551 391 fuerunt2,
583 342 848 382 benemerito:
876 341 881 397 Ι

276 410 496 451 Venustus³
526 410 686 461 negot.⁴,
801 410 1031 463 Agathopus
1061 411 1214 460 medic„
1398 411 1538 452 Facilis
1567 413 1756 465 pediseq„

276 477 549 519 Decimianus³
578 477 735 530 sump.⁴,
803 477 987 531 Epaphra
1016 477 1064 517 ab
1094 484 1260 530 argent„
1397 479 1552 520 Anthus
1581 479 1629 520 ab
1658 492 1754 532 arg„

276 546 442 586 Dicaeus
471 557 491 584 a
522 557 656 593 manu,
802 545 948 585 Primio
979 544 1028 585 ab
1056 552 1175 594 veste,
1399 546 1572 600 Hedylus
1602 547 1772 598 cubicu„

274 612 467 653 Mutatus³
496 625 518 652 a
546 624 680 661 manu,
797 612 1026 654 Communis
1053 626 1075 654 a
1106 613 1247 663 cubic„
1394 614 1550 655 Firmus
1579 627 1712 656 cocus.

275 681 451 721 Creticus
481 693 502 720 a
533 692 665 729 manu,
795 680 945 721 Pothus
974 681 1163 734 pediseq.,
1399 681 1593 722 Secunda.

797 747 935 789 Tiasus
966 761 1098 797 cocus,

271 824 402 858 Romae
425 836 498 869 rep.
522 828 561 858 in
585 826 704 859 eodem
728 825 946 858 columbario
980 827 1018 858 in
1043 837 1112 868 quo
1145 825 1190 860 N.
1213 826 1319 867 4388,
1351 829 1404 859 est
1424 828 1464 859 in
1486 836 1604 860 museo
1628 825 1864 860 Later-anona·

159 883 232 926 (VI
247 882 334 916 5197
355 882 448 915 vidit
471 882 641 925 Henzen).
666 901 711 906 —
738 883 768 924 1)
793 880 888 915 Nota
913 883 1092 924 ingentem
1116 893 1303 916 numerum
1327 884 1548 916 vicariorum
1570 882 1700 916 Musici
1729 884 1794 926 qui
1815 884 1862 926 ei,

159 950 239 973 eum
263 941 337 983 ipse
359 949 480 972 servos
505 939 632 971 habere
654 948 728 971 non
749 941 884 981 posset,
907 949 1091 971 servorum
1116 939 1192 972 loeo
1215 938 1378 978 fuerunt.
1419 937 1636 979 Confer-endi
1656 941 1741 973 sunt
1762 939 1862 973 tituli

158 997 461 1040 dispensatoribus
477 1006 498 1028 a
515 996 663 1028 vicariis
672 996 788 1038 positi
803 994 904 1035 infra
921 994 967 1029 N.
984 995 1078 1030 4659.
1096 995 1191 1030 4662.
1229 995 1283 1028 De
1300 995 1438 1029 divitiis
1454 999 1488 1028 et
1501 995 1600 1036 fastu
1615 997 1724 1029 unius
1738 1006 1786 1029 σε
1805 996 1861 1028 his

158 1054 461 1096 dispensatoribus
481 1052 764 1095 provincialibus
788 1051 835 1091 cf:
859 1062 950 1094 quae
973 1054 1140 1085 narravit
1154 1053 1292 1084 Plinius
1316 1053 1349 1086 Ιι.
1366 1063 1400 1086 n.
1421 1053 1482 1095 55,
1498 1052 1571 1086 445.
1588 1071 1632 1077 —
1657 1053 1691 1095 2)
1709 1052 1862 1086 Videtur

158 1109 282 1152 colligi
293 1119 397 1152 posse
414 1108 691 1151 dispensatorem
706 1108 788 1150 fisci
805 1107 935 1141 Gallici
947 1108 1155 1152 plerumque
1172 1110 1370 1142 constitisse
1384 1110 1424 1142 in
1438 1110 1638 1152 provincia.
1652 1126 1698 1133 —
1714 1108 1747 1150 3)
1764 1107 1861 1140 Mira

159 1165 310 1199 Venusti
338 1165 542 1198 Decimium·
572 1165 704 1198 Mutati
732 1166 878 1198 nomina
908 1167 947 1198 in
976 1167 1095 1199 servis.
1127 1184 1172 1189 —
1202 1166 1237 1207 4)
1268 1164 1520 1207 Negotiator-es
1553 1167 1589 1197 et
1617 1163 1860 1207 sumptuarias

158 1224 254 1255 inter
275 1231 393 1254 servos
415 1230 630 1263 magnarum
655 1221 822 1254 domuum
846 1222 951 1254 habes
968 1224 1158 1264 praeterea
1184 1220 1220 1254 C.
1247 1220 1300 1255 VI
1316 1222 1417 1255 9653.
1439 1222 1534 1256 4469.
1555 1221 1650 1254 4470.
1670 1220 1770 1255 7284.

273 1320 385 1366 1515
430 1323 465 1362 d.
486 1334 537 1362 m.
562 1321 568 1375 Ι
591 1323 745 1376 Glyceri
768 1323 887 1362 adiut.
908 1321 1002 1362 tab.¹
1029 1322 1035 1376 Ι
1062 1323 1144 1363 fisci
1165 1322 1334 1371 Asiatici,
1360 1321 1366 1375 Ι
1395 1322 1582 1376 Glycerus
1608 1328 1722 1375 pater
1745 1320 1753 1377 Ι
1777 1322 1858 1363 filio

158 1390 383 1431 dulcissimo
414 1390 488 1429 fec.

274 1455 402 1489 Romae
427 1455 594 1498 (V18571
619 1455 807 1499 descripsit
827 1456 1040 1500 Bormann).
1068 1475 1108 1480 -
1136 1457 1168 1496 1)
1192 1455 1380 1489 Adiutoris
1402 1455 1679 1491 tabulariorum.

276 1557 387 1604 1516
432 1559 469 1598 d.
501 1571 552 1598 m.
581 1558 587 1613 Ι
613 1559 727 1599 Piero
754 1557 761 1614 Ι
788 1559 960 1600 Caesaris
987 1572 1098 1599 vern.
1126 1559 1132 1612 Ι
1158 1572 1179 1599 3
1209 1559 1497 1600 commentariis
1521 1557 1529 1614 Ι
1555 1559 1638 1600 fisci
1658 1559 1829 1610 Asiatici,
1851 1559 1859 1615 Ι

161 1627 257 1667 vixit
286 1640 380 1667 ann.
400 1627 543 1667 XXIIII
569 1625 575 1681 Ι
601 1640 697 1667 mes.
726 1627 760 1667 lt
791 1627 929 1667 diebus
949 1626 1083 1677 XVIII,
1110 1625 1116 1681 Ι
1143 1634 1326 1680 parentes
1354 1627 1433 1667 filio
1459 1625 1467 1680 Ι
1493 1627 1862 1669 desiderantissimo.

275 1693 405 1727 Itomae
430 1694 602 1737 (V18572
628 1694 720 1727 vidit
743 1694 912 1738 Henzen).

277 1794 389 1840 1517
433 1796 600 1836 Hermae
627 1797 633 1846 Ι
659 1798 757 1848 Aug.
789 1796 884 1845 lib.¹,
911 1795 917 1850 Ι
944 1799 965 1836 a
996 1795 1177 1836 cubiculo
1204 1794 1212 1849 Ι
1236 1795 1428 1835 Domitiae
1447 1795 1562 1848 Aug„
1589 1797 1596 1846 Ι
1621 1794 1861 1837 Fortunatus

161 1864 202 1913 1.,
230 1864 237 1918 Ι
263 1876 372 1916 proc.
404 1865 485 1903 fise.
517 1864 672 1903 Asiatic.
700 1862 707 1916 Ι
732 1864 833 1916 patri
862 1863 1035 1916 piissimo
1067 1868 1106 1902 et
1130 1862 1137 1917 Ι
1163 1862 1518 1915 indulgentissimo.

275 1929 406 1963 Romae
440 1929 511 1972 (Vl
531 1930 618 1963 8570
649 1930 834 1972 descripsit
854 1928 1064 1973 Detlessen).
1086 1947 1133 1955 —
1166 1930 1197 1972 1)
1221 1929 1318 1962 Idem
1341 1930 1485 1963 Hermes
1513 1932 1732 1963 memoratur
1759 1927 1860 1969 inti-a

157 1983 203 2020 N.
226 1985 325 2019 4854.

273 2087 386 2133 1518
428 2090 564 2142 Ulpiae
594 2089 795 2129 Euhodiae
822 2087 827 2142 Ι
855 2088 1016 2141 coniugi
1046 2089 1215 2141 optimae
1241 2088 1247 2144 Ι
1275 2089 1319 2129 Τ.
1342 2088 1495 2129 Flavius
1514 2090 1613 2141 Aug.
1643 2088 1709 2129 lib.
1735 2087 1742 2143 Ι
1767 2088 1860 2129 Del-

154 2157 297 2210 phicus
323 2155 329 2211 Ι
355 2157 569 2198 tabularius
599 2169 620 2197 a
649 2153 820 2212 ratio[n.,
847 2155 853 2210 Ι
874 2152 999 2212 p]roc.
1021 2157 1162 2196 ration.
1184 2157 1472 2205 thesaurorum,
1499 2158 1506 2207 Ι
1530 2156 1815 2207 hereditatium,
1847 2153 1855 2211 Ι

157 2225 241 2265 fisci
270 2225 550 2266 Alexandrini.¹

270 2292 384 2335 Prope
413 2291 561 2325 Romam
593 2291 641 2324 ad
660 2290 873 2324 Nomentum
903 2301 977 2333 rep.
1008 2290 1115 2333 (ΕρΙι.
1140 2300 1192 2333 ep.
1215 2290 1246 2330 7,
1270 2290 1360 2324 1263
1390 2290 1483 2323 vidit
1514 2289 1640 2332 Gaui).
1670 2307 1715 2315 -
1747 2290 1780 2330 1)
1802 2288 1859 2322 De

158 2347 244 2388 fiseo
274 2348 523 2381 Aleoeandrino
555 2346 603 2388 ef.
637 2347 829 2381 Mommsen
859 2357 915 2390 ap.
947 2345 1153 2386 Hirschfeld
1176 2346 1293 2380 Verw.
1316 2347 1335 2380 4
1363 2357 1402 2390 p.
1425 2347 1466 2380 44
1499 2348 1572 2380 not.
1595 2346 1643 2387 2,·
1672 2344 1856 2388 Πυςςίσνο

157 2403 252 2438 Bull.
277 2401 355 2436 dell'
382 2405 442 2437 Isi.
467 2404 506 2436 di
521 2404 645 2437 diritto
661 2414 749 2438 rom.
773 2404 794 2436 I
812 2414 846 2447 p.
870 2403 934 2437 261
948 2414 1018 2446 seq.
1045 2402 1276 2446 (Mommseno
1300 2402 1441 2436 videtur
1462 2402 1654 2445 Delphicus
1677 2402 1856 2434 curavisse

159 2461 320 2492 rationes
345 2461 527 2493 thesauros
551 2461 763 2493 hereditates
785 2461 866 2502 fisci
887 2459 1156 2498 Alexandrini).

274 2561 385 2607 1519
430 2563 474 2602 Τ.
506 2543 635 2602 Flavio
666 2563 765 2615 Aug.
801 2564 868 2623 113>-
896 2562 901 2617 Ι
927 2563 1193 2603 Euschemom
1218 2560 1225 2616 Ι
1252 2562 1317 2614 qui
1348 2561 1421 2601 fuit
1448 2560 1497 2600 ab
1526 2559 1706 2612 epistulis
1729 2557 1737 2613 Ι
1762 2559 1854 2599 item

164 2633 399 2684 procurator
424 2628 431 2683 Ι
457 2631 503 2669 ad
527 2630 750 2682 capitularia
769 2628 774 2685 Ι
793 2631 1061 2679 ludaeorum¹‚
1087 2629 1093 2685 Ι
1121 2630 1215 2670 fecit
1231 2629 1236 2681 Ι
1253 2628 1380 2668 Flavia
1400 2628 1630 2680 Aphrodisia
1655 2626 1662 2676 Ι
1687 2632 1855 2680 patrono

162 2704 202 2738 et
229 2698 389 2750 coniugi
414 2697 419 2752 Ι
447 2697 550 2737 bene
580 2701 760 2737 merenti.

273 2764 404 2798 Romae
425 2763 492 2805 (Vl
506 2765 590 2797 8604
606 2763 772 2796 viderunt
787 2763 977 2796 Mommsen
994 2764 1154 2807 aliique).
1171 2782 1215 2788 —
1239 2763 1272 2806 1)
1287 2761 1512 2804 Intellegitur
1527 2761 1699 2793 tributum
1713 2757 1856 2792 Iudaeis

158 2833 180 2854 a
211 2822 427 2864 Vespasiano
458 2821 662 2863 impositum
692 2819 843 2860 (Ioseph.
869 2819 943 2853 bell.
972 2820 1003 2863 7,
1026 2822 1058 2862 6,
1080 2822 1123 2861 6,·
1154 2819 1249 2853 Suet.
1278 2818 1380 2851 Dom.
1411 2817 1478 2858 42;
1500 2817 1569 2850 Dio
1591 2817 1644 2857 66,
1659 2814 1708 2857 7),
1733 2816 1769 2847 et
1787 2815 1853 2847 sub

157 2878 365 2910 Domitiano
391 2877 511 2917 (cuius
536 2877 751 2919 temporibus
782 2876 839 2907 hic
861 2875 1082 2908 Euselzemon
1105 2876 1247 2908 videtur
1270 2873 1417 2917 vixisse)
1443 2873 1664 2906 acerbissime
1687 2873 1853 2904 exactum

160 2933 272 2972 (Suet.
297 2934 318 2967 l.
336 2933 380 2977 e.)
429 2933 488 2966 Ad
509 2932 602 2965 idem
626 2933 798 2965 tributum
823 2942 844 2963 a
868 2930 989 2964 Nerva
1012 2931 1205 2964 relevatum
1228 2932 1387 2974 spectant
1409 2929 1545 2962 nummi
1566 2928 1752 2970 inseripti.-
1775 2925 1854 2961 fisci

158 2989 284 3022 iudaici
309 2989 476 3022 calumnia
501 2988 645 3022 sublata.
686 2986 738 3027 Cf.
763 2986 976 3029 Marquardi
999 2986 1226 3022 Staatsverw,
1251 2985 1309 3019 11²
1332 2996 1367 3029 p.
1389 2985 1469 3019 202.
