1968 3268
453 173 571 210 ‘rituli
591 173 751 210 virorum
772 172 1028 209 nonnullorum
1049 172 1089 208 in
1111 171 1244 210 litteris
1266 173 1459 210 elarormn.
1724 171 1808 212 571

113 287 310 330 avunculo,
339 289 550 321 unanimo
578 288 655 320 eius
685 287 898 331 adoptatus,-
932 291 1037 321 antea
1073 287 1324 331 appellabatur
1352 288 1390 321 P.
1423 287 1599 322 Caecilius
1629 287 1814 322 Secundus

113 344 171 389 (V
183 344 275 380 52⁷9
305 343 357 385 cf.
388 343 581 378 Mommsen
605 344 723 378 Her-ni.
743 345 770 378 3
795 355 834 388 p.
856 345 927 389 60).
949 363 996 371 -
1025 345 1059 387 2)
1091 344 1223 378 Consul
1248 345 1419 387 suffectus
1445 343 1523 384 fuit
1549 355 1582 378 a.
1610 344 1675 379 400
1703 344 1813 385 (Plin-

109 410 239 444 paneg.
250 401 303 435 60.
315 401 381 442 92,·
395 401 465 435 uo.
478 401 502 436 1.
515 411 545 435 c.
558 411 594 444 p.
606 401 677 444 94).
692 421 731 426 -—
747 402 781 444 3)
792 402 1022 444 Augur-atum
1033 403 1208 434 memorat
1218 400 1356 434 Plinius
1370 412 1425 445 ep.
1436 402 1472 444 3,
1483 403 1639 435 8recens
1651 400 1812 444 adeptus,

111 467 210 490 anno
232 457 300 491 403
321 457 379 490 vel
398 458 473 492 404.
489 477 532 482 -
557 459 594 498 4)
618 458 660 491 In
683 459 894 503 Bithyniam
915 460 1044 491 missus
1066 461 1119 491 est
1144 469 1180 493 a.
1203 461 1246 491 ut
1264 458 1408 491 videtur
1429 458 1502 492 444.
1547 457 1603 490 De
1624 458 1693 490 bac
1716 457 1813 499 lega·

112 515 225 555 tione,
259 524 350 557 quae
372 513 448 555 fuit
476 515 792 556 extraordinaria,
817 517 894 558 egit
915 514 984 548 Mo.
1010 515 1126 549 Herm.
1149 515 1175 549 3
1193 525 1232 558 p.
1254 516 1299 548 96
1307 526 1397 558 seq„
1427 514 1578 548 Staatsr.
1601 511 1663 547 11⁸
1681 524 1720 557 p.
1742 514 1812 548 245

108 572 186 605 not.
207 570 228 603 4
252 571 314 611 (=
325 570 385 603 11²
410 581 450 614 p.
471 572 543 606 234
565 574 641 605 not.
662 573 714 613 ὅ).
761 571 822 604 Ex
844 571 950 605 titulo
973 571 1168 615 Hispellate
1191 572 1261 605 lmc
1289 573 1472 615 pertinent
1501 573 1631 604 verba.-
1660 581 1704 605 ex
1727 581 1756 606 s.
1781 580 1811 604 c.

110 635 174 669 pro
199 651 218 667 .,
233 651 415 662 ......
439 630 473 661 et
487 627 649 672 Bithynia
666 632 701 662 et
722 628 858 671 legatus
881 653 890 661 .
914 652 924 662 .
949 653 958 661 .
984 655 992 663 .
1018 652 1026 661 .
1052 641 1078 667 .;
1103 637 1195 671 quae
1217 628 1392 671 quomodo
1405 628 1603 671 supplenda
1618 629 1693 661 sint
1708 638 1813 671 quae-

109 683 197 715 sivit
223 682 416 717 Mommsen
448 686 523 727 epla.
556 695 609 728 ep.
631 685 652 718 7
676 695 715 728 p.
736 687 811 719 445.
835 704 880 710 -
911 686 945 727 5)
975 684 1130 718 Curator
1159 686 1324 727 riparum
1359 683 1497 718 Tiberis
1525 685 1670 718 videtur
1699 683 1814 724 fuisse

110 749 146 773 a.
169 739 235 773 405
265 742 302 772 et
326 742 611 783 insequentibus5
641 740 687 781 cll
716 741 786 774 Mo.
812 742 928 775 Herm.
949 742 976 775 3
1004 751 1040 784 p.
1063 741 1115 774 47.
1138 759 1184 765 --
1208 742 1242 781 6)
1270 739 1540 781 Pmefecturam
1570 743 1709 774 aerarii
1735 743 1814 784 ipse

109 795 252 829 Plinius
281 800 454 830 morat
482 807 535 840 ep.
565 798 614 830 ad
639 797 736 831 Trai.
758 798 801 840 3,
828 807 956 840 paneg.
978 798 1037 831 92.
1087 795 1294 837 Praefectus
1322 799 1461 830 aerarii
1486 797 1640 831 Saturni
1668 798 1813 832 videtur

110 849 228 891 ftcisse
249 864 285 888 a.
298 853 463 894 98-404,
481 853 691 896 praefectus
710 856 848 888 aerarii
870 855 1040 887 militaris
1062 865 1094 887 a.
1110 855 1153 887 94
1177 854 1233 886 vel
1252 855 1297 887 95
1307 865 1378 897 seq.
1402 853 1450 894 cl!
1467 854 1539 888 Mo.
1560 866 1596 898 p.
1612 857 1667 889 89.
1710 855 1814 890 Utra-

110 919 179 953 que
200 908 432 953 praefectura
455 911 580 943 iisdem
604 910 681 950 fere
706 912 920 954 temporibus
934 909 1084 950 functus
1100 913 1152 943 est
1166 911 1302 944 Atilius
1317 910 1468 952 Rufinus
1491 912 1618 954 (supra
1635 910 1682 946 N.
1697 912 1810 953 4044).

109 984 154 991 --
170 967 205 1008 7)
226 967 379 1000 Praetor
399 967 543 999 videtur
564 965 678 1006 fuisse
700 968 839 1000 Plinius
860 978 893 1000 a.
917 968 975 1008 93,
1009 969 1175 1000 tribunus
1198 966 1314 1011 plebis
1336 979 1371 1001 a.
1393 969 1451 1009 92,
1476 966 1523 1007 cll
1547 967 1618 1002 Mo.
1643 968 1762 1002 Herm.
1785 969 1812 1002 3

107 1033 144 1066 p.
157 1024 215 1057 86.
230 1042 273 1047 -
298 1023 333 1066 8)
357 1022 586 1065 Quaestor-em
608 1025 839 1067 imperatoris
859 1034 899 1056 se
920 1022 1034 1063 fuisse
1053 1024 1192 1058 Plinius
1216 1025 1269 1056 ait
1293 1034 1345 1067 ep.
1361 1024 1394 1064 7,
1410 1024 1462 1066 46,
1477 1025 1524 1065 2,·
1545 1023 1622 1064 ruit
1642 1028 1813 1068 quaestor

107 1078 311 1112 Domitiani
333 1090 429 1112 anno
460 1083 502 1112 ut
530 1080 675 1112 videtur
697 1079 796 1124 89190
821 1080 908 1121 (Mo.
933 1081 957 1114 l.
980 1082 1039 1125 c.).
1062 1099 1110 1106 —
1132 1083 1166 1124 9)
1189 1081 1301 1124 Legio
1331 1083 1439 1114 tertia
1465 1081 1603 1115 Gallica
1636 1083 1677 1115 in
1700 1081 1811 1126 Syria

71 1140 75 1141 ⁷
109 1135 286 1171 tendebat.
331 1135 375 1169 In
398 1135 508 1180 Syria
530 1147 568 1168 se
591 1138 774 1169 tribunum
797 1137 952 1170 militmn
983 1137 1095 1177 fuisse
1119 1139 1259 1171 Plinius
1281 1141 1356 1182 ipse
1391 1141 1542 1171 testatur
1564 1149 1618 1182 ep.
1641 1139 1674 1181 4,
1697 1139 1751 1180 40,
1773 1139 1811 1174 3.

106 1192 144 1235 3,
166 1191 220 1233 44,
241 1193 276 1226 5.
299 1211 344 1217 —
369 1194 425 1233 10)
447 1191 627 1226 Numerus
648 1192 803 1226 millium
826 1196 1080 1237 sestertiorum,
1108 1206 1154 1228 ex
1177 1196 1305 1238 quibus
1327 1195 1466 1228 Plinius
1490 1196 1646 1228 thermas
1668 1197 1813 1228 exstrui

106 1250 274 1290 iusserat,
293 1251 416 1292 periit.
440 1268 486 1274 -—-
510 1251 565 1290 11)
593 1248 814 1283 Testamenta
836 1249 921 1290 fieri
942 1252 1055 1285 iussit.
1073 1270 1117 1276 —
1136 1253 1191 1293 12)
1206 1252 1331 1285 Decies
1347 1253 1455 1285 octies
1479 1255 1626 1285 centena
1650 1254 1685 1284 et
1705 1263 1810 1285 sesca—

103 1307 212 1349 ginta
234 1316 298 1338 sex
319 1306 436 1338 millia
461 1316 540 1339 cum
554 1309 732 1339 sexcentis
753 1310 945 1350 sexaginta
967 1319 1032 1341 sea:
1048 1308 1272 1351 (4,866,666),·
1294 1311 1418 1342 notam
1434 1309 1542 1341 bessis
1558 1308 1642 1353 (²l2)
1660 1310 1813 1352 periisse

108 1363 262 1395 coniecit
290 1361 483 1395 Mommsen
515 1361 648 1405 (Herm.
676 1364 702 1397 3
728 1374 766 1406 p.
791 1365 873 1408 402)
882 1377 896 1405 ,·
926 1366 980 1397 ita
1010 1366 1104 1398 enim
1131 1366 1287 1408 pecunia
1317 1365 1436 1408 legata
1459 1367 1581 1398 usuris
1607 1366 1810 1398 semissibus

106 1418 255 1451 reddere
264 1418 412 1452 debebat
423 1430 562 1452 annuos
572 1422 754 1452 sestertios
764 1420 998 1463 442‚ooo.,De
1009 1423 1087 1463 ipsa
1099 1421 1295 1454 donatione
1307 1420 1353 1461 cll
1365 1421 1436 1456 Mo.
1449 1422 1471 1454 1.
1485 1432 1514 1455 c.
1523 1441 1567 1445 -
1582 1415 1812 1461 13)‘Annuos

106 1477 267 1517 sumptus
282 1476 321 1508 in
337 1475 506 1508 alimenta
522 1470 780 1517 ingenuorum'
793 1477 1033 1519 municipibus
1047 1479 1123 1510 suis
1138 1477 1364 1511 Comensibus
1376 1477 1561 1520 pollicitus
1576 1481 1657 1510 erat
1670 1478 1810 1510 Plinius

107 1531 180 1563 iam
195 1541 229 1565 a.
244 1530 288 1565 97
304 1532 371 1574 (ep.
388 1531 420 1573 4,
435 1533 469 1574 8,
484 1531 542 1575 40)
551 1543 565 1572 ,·
582 1532 728 1565 eandem
745 1533 973 1566 donationem
989 1537 1164 1566 memorat
1179 1545 1231 1577 ep.
1246 1535 1278 1574 7,
1293 1534 1348 1576 48,
1362 1534 1398 1568 2.
1412 1553 1455 1557 -
1471 1535 1525 1575 14)
1541 1534 1688 1567 Summa
1705 1535 1811 1576 quin-

103 1589 296 1628 gentorum
318 1587 472 1621 millium
494 1589 656 1631 suppleta
688 1600 735 1621 ετ
757 1589 848 1622 Plin.
872 1599 924 1632 ep.
946 1589 978 1630 7,
1002 1589 1055 1630 48,
1077 1591 1112 1623 2.
1135 1608 1180 1615 ——
1206 1592 1261 1632 15)
1283 1591 1541 1624 Bibliothecam
1569 1591 1810 1633 municipibus

106 1643 184 1676 suis
205 1643 387 1677 dedicavit
409 1645 549 1677 Plinius
571 1657 605 1680 a.
629 1646 672 1679 97
695 1646 751 1679 vel
767 1646 893 1688 paullo
918 1650 1024 1679 antea
1050 1646 1159 1689 (Ptin.
1182 1657 1235 1690 ep.
1258 1647 1290 1689 4,
1312 1648 1346 1689 8,
1370 1647 1423 1688 2).

219 1767 336 1814 2928
376 1770 427 1810 Μ.
466 1771 650 1811 Cornelio
685 1770 691 1826 Ι
726 1772 771 1811 Τ.
809 1773 835 1811 f.
874 1772 984 1819 Quir.
1020 1771 1027 1826 Ι
1063 1773 1279 1812 Frontoni²
1312 1772 1319 1825 Ι
1352 1771 1478 1811 lllvir.
1518 1771 1693 1824 capital„
1726 1770 1733 1825 Ι
1769 1783 1807 1822 q.

106 1837 285 1889 provinc.
310 1836 317 1891 Ι
345 1838 463 1887 8ἰοί1.,
493 1839 603 1879 aedil.
633 1840 702 1892 pl„
729 1838 735 1891 Ι
762 1841 947 1892 praetori,
973 1843 981 1893 Ι
1008 1841 1226 1893 municipes
1251 1842 1258 1892 Ι
1294 1838 1593 1893 ΟεΙεωεῃείΙυιῐι
1622 1846 1806 1892 patrono.

225 1915 389 1950 calamae
420 1915 601 1960 (Guelma)
631 1919 671 1950 in
700 1916 872 1950 Numidia
911 1917 1020 1961 (Vm
1044 1919 1136 1952 5550
1166 1917 1273 1950 semel
1309 1918 1517 1960 descripta).
1548 1936 1594 1941 —
1627 1919 1659 1959 1)
1691 1915 1809 1950 Notus

107 1975 235 2006 orator
259 1974 400 2015 origine
425 1972 605 2006 Cirtensis.
653 1973 750 2006 Idem
779 1978 999 2007 memoratur
1020 1984 1131 2017 supra
1155 1973 1201 2007 Ν.
1223 1974 1322 2008 4429.
1368 1974 1435 2007 Hic
1467 1973 1593 2007 titulm
1624 1973 1809 2006 dedicatus

107 2031 161 2061 est
182 2031 265 2061 ante
286 2039 440 2062 mensem
462 2029 529 2063 Iul.
552 2029 629 2070 443,
653 2040 722 2072 quo
746 2029 885 2063 Fronto
910 2031 1133 2064 consulatum
1157 2032 1251 2064 iniit.

219 2139 334 2187 2929
375 2138 446 2198 [Μ.
479 2140 735 2199 Posltumium
766 2143 982 2201 Fest[um]¹
1008 2143 1015 2199 Ι
1043 2152 1237 2185 oratorem
1272 2152 1438 2198 utraque
1468 2146 1624 2185 secund.
1651 2144 1658 2198 Ι
1683 2144 1806 2185 maxi-

106 2222 229 2255 mum,
260 2222 417 2262 procos.
449 2212 562 2252 Asiae
599 2212 802 2261 destinat„
838 2211 846 2264 Ι
880 2213 1094 2261 VIIvimm,
1132 2214 1248 2261 flam„
1284 2212 1518 2253 venerabilis
1550 2213 1556 2265 Ι
1594 2212 1806 2252 memoriae

105 2278 243 2326 virum,
270 2277 277 2326 Ι
303 2278 348 2318 Τ.
378 2278 436 2318 ΡΙ.
467 2279 689 2320 Postumius
718 2280 865 2320 Varus²
893 2292 986 2327 cos„
1012 2280 1020 2334 Ι
1045 2293 1258 2333 pronepos,
1288 2287 1457 2320 sectator
1481 2280 1487 2333 Ι
1514 2279 1610 2320 eius.

218 2355 349 2389 Romae
372 2355 443 2399 (VI
462 2356 544 2390 4446
567 2357 658 2390 vidit
678 2357 891 2399 Bormann).
916 2376 958 2382 —
986 2359 1017 2399 1)
1042 2358 1109 2390 Hic
1136 2361 1187 2390 est
1210 2359 1411 2391 Postumius
1433 2357 1563 2390 Festus
1586 2357 1748 2399 aequalis
1770 2360 1806 2390 et

107 2415 363 2446 conterraneus
376 2412 585 2455 Frontonis,
609 2414 712 2446 cuius
735 2414 969 2456 eloquentiam
994 2413 1119 2446 laudat
1133 2414 1272 2446 Fronto
1295 2425 1347 2457 ep.
1372 2414 1420 2447 ad
1434 2415 1537 2451 amic.
1553 2413 1588 2454 2,
1605 2412 1644 2446 44
1670 2412 1722 2455 (p.
1737 2413 1806 2447 200

106 2468 162 2504 ed.
186 2467 323 2511 Nalm)
356 2471 391 2501 et
413 2471 475 2512 qui
497 2473 715 2503 memoratur
734 2472 920 2512 praeterea
944 2472 966 2502 'a
993 2469 1104 2503 Gellio
1127 2470 1180 2512 49,
1203 2471 1248 2504 43
1279 2469 1511 2513 (praenomen
1532 2469 1732 2512 suppletum
1754 2472 1808 2502 ost

108 2536 156 2559 esc
170 2524 217 2558 N.
232 2525 347 2568 2944).
366 2543 408 2549 -—
434 2526 468 2565 2)
493 2524 644 2558 Videtur
666 2537 738 2558 esse
763 2527 960 2559 Postumius
983 2526 1102 2558 Varus
1121 2524 1326 2569 praefectus
1348 2527 1430 2559 urbi
1453 2537 1484 2559 a.
1510 2525 1570 2559 274
1597 2525 1804 2568 (chronogr.

107 2592 140 2615 a.
164 2582 249 2625 354)
274 2581 334 2615 Ad
356 2582 502 2614 eundem
524 2584 680 2624 pertinet
706 2582 831 2615 titulus
852 2582 897 2615 Ν.
913 2583 1010 2616 2940.
1053 2582 1174 2615 Etiam
1197 2582 1291 2615 alius
1309 2592 1487 2626 pronepos
1510 2582 1685 2615 Postumii
1706 2582 1807 2615 Festi

107 2638 183 2671 dici
205 2638 319 2671 voluit
339 2640 495 2671 sectator
518 2639 594 2671 eius
617 2638 678 2682 (N.
701 2639 819 2682 2944).

222 2749 351 2796 2930-
373 2745 742 2807 ἈννίαῬηγίλλα
767 2754 774 2802 Ι
795 2747 991 2805 Ἡρώδου
1020 2749 1123 2806 γυνὴ
1154 2748 1204 2794 τὸ
1237 2752 1334 2807 φῶς
1359 2751 1366 2805 Ι
1391 2752 1469 2807 τῆς
1499 2749 1652 2800 οἰκίας,
1681 2753 1804 2800 τίνος

105 2818 259 2871 ταῦΙτα
287 2815 344 2859 τὰ
372 2821 514 2872 χωρία
542 2817 734 2874 γέγοναν.
760 2826 768 2871 Ι
795 2819 920 2858 Annia
942 2819 1090 2870 Regilla
1116 2822 1122 2869 Ι
1149 2819 1314 2859 Herodis
1338 2831 1436 2859 uxor
1461 2821 1467 2872 Ι
1493 2820 1625 2859 lumen
1650 2818 1803 2868 domus,

107 2887 113 2939 Ι
146 2886 259 2927 cuius
287 2886 383 2925 haec
408 2885 415 2939 Ι
441 2886 596 2938 praedia
623 2888 630 2936 Ι
655 2887 828 2926 suerunt.

223 2961 371 3003 Romae,
405 2963 510 3005 lapis,
542 2973 610 3006 quo
634 2964 850 3006 temporibus
871 2962 1049 2996 Maoeentii
1078 2965 1136 2996 usi
1156 2966 1240 2996 sunt
1259 2974 1328 3006 pro
1350 2963 1524 2997 milliario
1549 2965 1628 2996 viae
1651 2963 1804 2997 alicuius

104 3020 331 3053 suburbanae
355 3018 405 3062 (Χ
424 3020 539 3061 6886),
562 3022 615 3052 est
636 3020 676 3051 in
699 3029 817 3052 museo
842 3018 1041 3062 Capitolino
1066 3019 1135 3062 (VI
1149 3019 1257 3060 4342,-
1280 3019 1388 3053 Inscr.
1408 3019 1467 3053 Gr.
1485 3019 1584 3054 Sicil.
1601 3020 1679 3054 Ital.
1697 3020 1803 3061 152st

106 3075 260 3111 Buelsen
290 3086 379 3109 mus.
410 3074 519 3109 liberi.
548 3076 609 3117 45,
640 3074 726 3109 4890
760 3086 797 3118 p.
820 3076 887 3109 284
917 3077 987 3110 tab.
1020 3075 1239 3118 delineavit).
1269 3095 1311 3102 —
1343 3076 1446 3109 Alias
1474 3077 1727 3119 inscriptiones
1756 3078 1801 3111 ab
