<?xml version="1.0" encoding="UTF-8"?>
<!DOCTYPE html PUBLIC "-//W3C//DTD XHTML 1.0 Transitional//EN"
    "http://www.w3.org/TR/xhtml1/DTD/xhtml1-transitional.dtd">
<html xmlns="http://www.w3.org/1999/xhtml" xml:lang="en" lang="en">
 <head>
  <title>
</title>
<meta http-equiv="Content-Type" content="text/html;charset=utf-8" />
  <meta name='ocr-system' content='tesseract 3.04.00' />
  <meta name='ocr-capabilities' content='ocr_page ocr_carea ocr_par ocr_line ocrx_word'/>
</head>
<body>
  <div class='ocr_page' id='page_1' title='image "./inscriptioneslat01dessuoft_0565.png"; bbox 0 0 1968 3268; ppageno 0'>
   <div class='ocr_carea' id='block_1_1' title="bbox 764 139 1782 178">
    <p class='ocr_par' dir='ltr' id='par_1_1' title="bbox 764 139 1782 178">
     <span class='ocr_line' id='line_1_1' title="bbox 764 139 1782 178; baseline 0 0"><span class='ocrx_word' id='word_1_1' title='bbox 764 141 881 178; x_wconf 85' lang='lat' dir='ltr'><strong>Tituli</strong></span> <span class='ocrx_word' id='word_1_2' title='bbox 900 141 1088 178; x_wconf 71' lang='lat' dir='ltr'><em>militares.</em></span> <span class='ocrx_word' id='word_1_3' title='bbox 1573 152 1576 154; x_wconf 69' lang='grc'><strong>’</strong></span> <span class='ocrx_word' id='word_1_4' title='bbox 1696 139 1782 178; x_wconf 85' lang='grc'><em>553</em></span> 
     </span>
    </p>
   </div>
   <div class='ocr_carea' id='block_1_2' title="bbox 74 253 1781 450">
    <p class='ocr_par' dir='ltr' id='par_1_2' title="bbox 74 253 1781 450">
     <span class='ocr_line' id='line_1_2' title="bbox 190 253 1781 312; baseline -0.003 -12"><span class='ocrx_word' id='word_1_5' title='bbox 190 257 307 306; x_wconf 72' lang='grc'><em>2799</em></span> <span class='ocrx_word' id='word_1_6' title='bbox 348 259 391 299; x_wconf 85' lang='lat' dir='ltr'><em>in</em></span> <span class='ocrx_word' id='word_1_7' title='bbox 427 259 532 299; x_wconf 79' lang='lat' dir='ltr'><em>hanc</em></span> <span class='ocrx_word' id='word_1_8' title='bbox 570 270 660 298; x_wconf 82' lang='lat' dir='ltr'><em>arca</em></span> <span class='ocrx_word' id='word_1_9' title='bbox 688 256 801 312; x_wconf 73' lang='lat' dir='ltr'><em>iaclet</em></span> <span class='ocrx_word' id='word_1_10' title='bbox 828 257 1014 299; x_wconf 79' lang='lat' dir='ltr'><em>Ursacius</em></span> <span class='ocrx_word' id='word_1_11' title='bbox 1051 257 1240 298; x_wconf 77' lang='lat' dir='ltr'><em>beamus¹</em></span> <span class='ocrx_word' id='word_1_12' title='bbox 1275 257 1326 297; x_wconf 83' lang='lat' dir='ltr'><em>de</em></span> <span class='ocrx_word' id='word_1_13' title='bbox 1362 268 1528 307; x_wconf 74' lang='lat' dir='ltr'><em>numero</em></span> <span class='ocrx_word' id='word_1_14' title='bbox 1558 253 1781 310; x_wconf 75' lang='lat' dir='ltr'><em>Bataorulm</em></span> 
     </span>
     <span class='ocr_line' id='line_1_3' title="bbox 74 322 1779 381; baseline -0.004 -11"><span class='ocrx_word' id='word_1_15' title='bbox 74 327 315 377; x_wconf 80' lang='lat' dir='ltr'><em>seniorum⁸‚</em></span> <span class='ocrx_word' id='word_1_16' title='bbox 351 327 420 379; x_wconf 86' lang='lat' dir='ltr'><em>qui</em></span> <span class='ocrx_word' id='word_1_17' title='bbox 452 326 547 367; x_wconf 70' lang='lat' dir='ltr'><em>vixit</em></span> <span class='ocrx_word' id='word_1_18' title='bbox 570 324 578 381; x_wconf 83' lang='grc' dir='ltr'>Ι</span> <span class='ocrx_word' id='word_1_19' title='bbox 602 338 732 366; x_wconf 83' lang='lat' dir='ltr'><em>annos</em></span> <span class='ocrx_word' id='word_1_20' title='bbox 759 324 883 376; x_wconf 86' lang='lat' dir='ltr'>XXX;</span> <span class='ocrx_word' id='word_1_21' title='bbox 922 326 956 366; x_wconf 87' lang='lat' dir='ltr'><em>si</em></span> <span class='ocrx_word' id='word_1_22' title='bbox 984 326 1018 366; x_wconf 88' lang='lat' dir='ltr'><em>si</em></span> <span class='ocrx_word' id='word_1_23' title='bbox 1047 329 1132 374; x_wconf 77' lang='lat' dir='ltr'><em>(sic)</em></span> <span class='ocrx_word' id='word_1_24' title='bbox 1162 325 1252 378; x_wconf 86' lang='lat' dir='ltr'><em>quis</em></span> <span class='ocrx_word' id='word_1_25' title='bbox 1281 337 1367 365; x_wconf 81' lang='lat' dir='ltr'><em>eam</em></span> <span class='ocrx_word' id='word_1_26' title='bbox 1395 322 1576 379; x_wconf 70' lang='lat' dir='ltr'><em>volluerit</em></span> <span class='ocrx_word' id='word_1_27' title='bbox 1610 323 1779 377; x_wconf 80' lang='lat' dir='ltr'><em>aperire,</em></span> 
     </span>
     <span class='ocr_line' id='line_1_4' title="bbox 79 391 788 450; baseline -0.006 -13"><span class='ocrx_word' id='word_1_28' title='bbox 79 397 145 437; x_wconf 85' lang='lat' dir='ltr'><em>det</em></span> <span class='ocrx_word' id='word_1_29' title='bbox 173 397 215 437; x_wconf 87' lang='lat' dir='ltr'><em>in</em></span> <span class='ocrx_word' id='word_1_30' title='bbox 245 396 342 436; x_wconf 79' lang='lat' dir='ltr'><em>fisco</em></span> <span class='ocrx_word' id='word_1_31' title='bbox 371 392 467 449; x_wconf 76' lang='lat' dir='ltr'><em>aulri</em></span> <span class='ocrx_word' id='word_1_32' title='bbox 498 391 652 450; x_wconf 82' lang='lat' dir='ltr'><em>[linras</em></span> <span class='ocrx_word' id='word_1_33' title='bbox 680 393 788 434; x_wconf 82' lang='lat' dir='ltr'><em>doas.</em></span> 
     </span>
    </p>
   </div>
   <div class='ocr_carea' id='block_1_3' title="bbox 73 469 1780 664">
    <p class='ocr_par' dir='ltr' id='par_1_3' title="bbox 73 469 1780 664">
     <span class='ocr_line' id='line_1_5' title="bbox 188 469 1779 527; baseline -0.001 -13"><span class='ocrx_word' id='word_1_34' title='bbox 188 473 306 521; x_wconf 51' lang='grc' dir='ltr'><em>ΞΜ)</em></span> <span class='ocrx_word' id='word_1_35' title='bbox 346 473 404 514; x_wconf 80' lang='lat' dir='ltr'><em>Fl.</em></span> <span class='ocrx_word' id='word_1_36' title='bbox 434 473 575 526; x_wconf 87' lang='lat' dir='ltr'><strong>Ampio</strong></span> <span class='ocrx_word' id='word_1_37' title='bbox 605 472 839 513; x_wconf 82' lang='lat' dir='ltr'><em>semissalis⁸</em></span> <span class='ocrx_word' id='word_1_38' title='bbox 867 472 916 512; x_wconf 85' lang='lat' dir='ltr'><em>de</em></span> <span class='ocrx_word' id='word_1_39' title='bbox 946 485 987 511; x_wconf 88' lang='lat' dir='ltr'><em>n.</em></span> <span class='ocrx_word' id='word_1_40' title='bbox 1016 469 1300 527; x_wconf 61' lang='lat' dir='ltr'><em>Mattialcorum</em></span> <span class='ocrx_word' id='word_1_41' title='bbox 1328 471 1431 512; x_wconf 63' lang='lat' dir='ltr'><em>sen.⁴</em></span> <span class='ocrx_word' id='word_1_42' title='bbox 1459 471 1507 511; x_wconf 85' lang='lat' dir='ltr'><em>de</em></span> <span class='ocrx_word' id='word_1_43' title='bbox 1535 471 1678 524; x_wconf 88' lang='lat' dir='ltr'><em>propio</em></span> <span class='ocrx_word' id='word_1_44' title='bbox 1706 484 1779 512; x_wconf 87' lang='lat' dir='ltr'><em>suo</em></span> 
     </span>
     <span class='ocr_line' id='line_1_6' title="bbox 79 538 1780 597; baseline -0.003 -13"><span class='ocrx_word' id='word_1_45' title='bbox 79 556 169 584; x_wconf 79' lang='lat' dir='ltr'><em>arca</em></span> <span class='ocrx_word' id='word_1_46' title='bbox 187 543 263 584; x_wconf 81' lang='lat' dir='ltr'><em>sihi</em></span> <span class='ocrx_word' id='word_1_47' title='bbox 288 541 296 597; x_wconf 89' lang='grc' dir='ltr'>Ι</span> <span class='ocrx_word' id='word_1_48' title='bbox 321 542 473 596; x_wconf 86' lang='lat' dir='ltr'><em>posuit;</em></span> <span class='ocrx_word' id='word_1_49' title='bbox 503 542 536 582; x_wconf 87' lang='lat' dir='ltr'><em>si</em></span> <span class='ocrx_word' id='word_1_50' title='bbox 558 541 646 594; x_wconf 89' lang='lat' dir='ltr'><em>quis</em></span> <span class='ocrx_word' id='word_1_51' title='bbox 671 552 758 580; x_wconf 80' lang='lat' dir='ltr'><em>eam</em></span> <span class='ocrx_word' id='word_1_52' title='bbox 786 539 939 593; x_wconf 81' lang='lat' dir='ltr'><em>aperire</em></span> <span class='ocrx_word' id='word_1_53' title='bbox 967 539 1148 589; x_wconf 84' lang='lat' dir='ltr'><em>voluerit,</em></span> <span class='ocrx_word' id='word_1_54' title='bbox 1174 538 1182 594; x_wconf 89' lang='grc' dir='ltr'>Ι</span> <span class='ocrx_word' id='word_1_55' title='bbox 1207 540 1310 580; x_wconf 83' lang='lat' dir='ltr'><em>davit</em></span> <span class='ocrx_word' id='word_1_56' title='bbox 1338 539 1423 580; x_wconf 85' lang='lat' dir='ltr'><em>fisci</em></span> <span class='ocrx_word' id='word_1_57' title='bbox 1450 539 1601 580; x_wconf 83' lang='lat' dir='ltr'><em>viribus</em></span> <span class='ocrx_word' id='word_1_58' title='bbox 1626 540 1780 592; x_wconf 81' lang='lat' dir='ltr'>argenti</span> 
     </span>
     <span class='ocr_line' id='line_1_7' title="bbox 73 610 402 664; baseline -0.012 -11"><span class='ocrx_word' id='word_1_59' title='bbox 73 611 195 653; x_wconf 77' lang='lat' dir='ltr'><em>libras</em></span> <span class='ocrx_word' id='word_1_60' title='bbox 220 610 227 664; x_wconf 94' lang='grc' dir='ltr'>Ι</span> <span class='ocrx_word' id='word_1_61' title='bbox 252 611 402 651; x_wconf 82' lang='lat' dir='ltr'><em>decem.</em></span> 
     </span>
    </p>
   </div>
   <div class='ocr_carea' id='block_1_4' title="bbox 76 684 1780 878">
    <p class='ocr_par' dir='ltr' id='par_1_4' title="bbox 76 684 1780 878">
     <span class='ocr_line' id='line_1_8' title="bbox 190 684 1780 742; baseline -0.001 -13"><span class='ocrx_word' id='word_1_62' title='bbox 190 687 305 736; x_wconf 73' lang='lat'>2801</span> <span class='ocrx_word' id='word_1_63' title='bbox 343 689 498 729; x_wconf 82' lang='lat' dir='ltr'><em>Flavius</em></span> <span class='ocrx_word' id='word_1_64' title='bbox 506 688 647 728; x_wconf 86' lang='lat' dir='ltr'><em>Hariso</em></span> <span class='ocrx_word' id='word_1_65' title='bbox 660 685 859 742; x_wconf 69' lang='lat' dir='ltr'><em>malgister</em></span> <span class='ocrx_word' id='word_1_66' title='bbox 872 687 1047 739; x_wconf 87' lang='lat' dir='ltr'><em>primus⁹</em></span> <span class='ocrx_word' id='word_1_67' title='bbox 1061 687 1109 727; x_wconf 82' lang='lat' dir='ltr'><em>de</em></span> <span class='ocrx_word' id='word_1_68' title='bbox 1126 686 1304 741; x_wconf 75' lang='lat' dir='ltr'><em>nulmero</em></span> <span class='ocrx_word' id='word_1_69' title='bbox 1319 686 1531 727; x_wconf 80' lang='lat' dir='ltr'><em>Erulorum</em></span> <span class='ocrx_word' id='word_1_70' title='bbox 1544 684 1780 741; x_wconf 71' lang='lat' dir='ltr'><em>senilorum¹</em></span> 
     </span>
     <span class='ocr_line' id='line_1_9' title="bbox 78 753 1780 811; baseline -0.002 -12"><span class='ocrx_word' id='word_1_71' title='bbox 78 771 210 799; x_wconf 81' lang='lat' dir='ltr'><em>arcam</em></span> <span class='ocrx_word' id='word_1_72' title='bbox 237 759 287 798; x_wconf 81' lang='lat' dir='ltr'><em>de</em></span> <span class='ocrx_word' id='word_1_73' title='bbox 311 756 475 811; x_wconf 86' lang='lat' dir='ltr'><em>proprio</em></span> <span class='ocrx_word' id='word_1_74' title='bbox 504 769 576 797; x_wconf 92' lang='lat' dir='ltr'><em>suo</em></span> <span class='ocrx_word' id='word_1_75' title='bbox 602 755 608 811; x_wconf 85' lang='grc' dir='ltr'>Ι</span> <span class='ocrx_word' id='word_1_76' title='bbox 635 755 883 808; x_wconf 84' lang='lat' dir='ltr'><em>conparavit;</em></span> <span class='ocrx_word' id='word_1_77' title='bbox 913 755 946 796; x_wconf 91' lang='lat' dir='ltr'><em>si</em></span> <span class='ocrx_word' id='word_1_78' title='bbox 975 755 1064 807; x_wconf 82' lang='lat' dir='ltr'><em>quis</em></span> <span class='ocrx_word' id='word_1_79' title='bbox 1084 768 1171 795; x_wconf 84' lang='lat' dir='ltr'><em>eam</em></span> <span class='ocrx_word' id='word_1_80' title='bbox 1199 753 1363 808; x_wconf 70' lang='lat' dir='ltr'><em>aperilre</em></span> <span class='ocrx_word' id='word_1_81' title='bbox 1391 754 1572 805; x_wconf 79' lang='lat' dir='ltr'><em>voluerit,</em></span> <span class='ocrx_word' id='word_1_82' title='bbox 1603 755 1711 796; x_wconf 86' lang='lat' dir='ltr'><em>dabit</em></span> <span class='ocrx_word' id='word_1_83' title='bbox 1736 756 1780 796; x_wconf 86' lang='lat' dir='ltr'><em>iu</em></span> 
     </span>
     <span class='ocr_line' id='line_1_10' title="bbox 76 825 480 878; baseline -0.007 -11"><span class='ocrx_word' id='word_1_84' title='bbox 76 827 174 867; x_wconf 82' lang='lat' dir='ltr'><em>fisco</em></span> <span class='ocrx_word' id='word_1_85' title='bbox 203 825 289 866; x_wconf 84' lang='lat' dir='ltr'><em>auri</em></span> <span class='ocrx_word' id='word_1_86' title='bbox 317 838 358 878; x_wconf 88' lang='lat' dir='ltr'><em>p.</em></span> <span class='ocrx_word' id='word_1_87' title='bbox 388 825 480 864; x_wconf 89' lang='lat' dir='ltr'><em>duo.</em></span> 
     </span>
    </p>
   </div>
   <div class='ocr_carea' id='block_1_5' title="bbox 74 899 1780 1096">
    <p class='ocr_par' dir='ltr' id='par_1_5' title="bbox 74 899 1780 1096">
     <span class='ocr_line' id='line_1_11' title="bbox 186 899 1780 957; baseline 0 -14"><span class='ocrx_word' id='word_1_88' title='bbox 186 902 303 950; x_wconf 60' lang='lat' dir='ltr'><em>m</em></span> <span class='ocrx_word' id='word_1_89' title='bbox 344 903 475 943; x_wconf 78' lang='lat' dir='ltr'><em>Flavio</em></span> <span class='ocrx_word' id='word_1_90' title='bbox 486 903 640 943; x_wconf 82' lang='lat' dir='ltr'><em>Launio</em></span> <span class='ocrx_word' id='word_1_91' title='bbox 656 917 695 942; x_wconf 89' lang='lat' dir='ltr'><em>n.</em></span> <span class='ocrx_word' id='word_1_92' title='bbox 709 932 719 942; x_wconf 88' lang='lat'><strong>.</strong></span> <span class='ocrx_word' id='word_1_93' title='bbox 737 932 747 941; x_wconf 89' lang='lat'>.</span> <span class='ocrx_word' id='word_1_94' title='bbox 758 915 790 942; x_wconf 85' lang='lat' dir='ltr'><em>s.</em></span> <span class='ocrx_word' id='word_1_95' title='bbox 806 902 1000 942; x_wconf 83' lang='lat' dir='ltr'><em>semaforo</em></span> <span class='ocrx_word' id='word_1_96' title='bbox 1009 902 1039 923; x_wconf 87' lang='lat'><em>¹⁰</em></span> <span class='ocrx_word' id='word_1_97' title='bbox 1055 899 1060 956; x_wconf 88' lang='grc' dir='ltr'>Ι</span> <span class='ocrx_word' id='word_1_98' title='bbox 1077 902 1125 942; x_wconf 85' lang='lat' dir='ltr'><em>de</em></span> <span class='ocrx_word' id='word_1_99' title='bbox 1141 913 1307 941; x_wconf 88' lang='lat' dir='ltr'><em>numero</em></span> <span class='ocrx_word' id='word_1_100' title='bbox 1319 901 1528 942; x_wconf 81' lang='lat' dir='ltr'><em>Bataorum</em></span> <span class='ocrx_word' id='word_1_101' title='bbox 1543 900 1780 957; x_wconf 61' lang='grc' dir='ltr'><em>εεειιίΙοι-ιιιιὶ8</em></span> 
     </span>
     <span class='ocr_line' id='line_1_12' title="bbox 78 967 1780 1026; baseline -0.002 -11"><span class='ocrx_word' id='word_1_102' title='bbox 78 973 147 1026; x_wconf 86' lang='lat' dir='ltr'><em>qui</em></span> <span class='ocrx_word' id='word_1_103' title='bbox 174 973 284 1014; x_wconf 86' lang='lat' dir='ltr'><em>vissit</em></span> <span class='ocrx_word' id='word_1_104' title='bbox 310 984 439 1013; x_wconf 81' lang='lat' dir='ltr'><em>annos</em></span> <span class='ocrx_word' id='word_1_105' title='bbox 458 970 519 1010; x_wconf 90' lang='lat' dir='ltr'><em>X.</em></span> <span class='ocrx_word' id='word_1_106' title='bbox 564 1000 574 1010; x_wconf 89' lang='lat'><strong>.</strong></span> <span class='ocrx_word' id='word_1_107' title='bbox 597 982 630 1019; x_wconf 89' lang='lat'><em>.;</em></span> <span class='ocrx_word' id='word_1_108' title='bbox 656 968 664 1024; x_wconf 83' lang='grc' dir='ltr'>Ι</span> <span class='ocrx_word' id='word_1_109' title='bbox 689 971 723 1011; x_wconf 91' lang='lat' dir='ltr'><em>si</em></span> <span class='ocrx_word' id='word_1_110' title='bbox 743 970 831 1023; x_wconf 90' lang='lat' dir='ltr'><em>quis</em></span> <span class='ocrx_word' id='word_1_111' title='bbox 849 969 1018 1010; x_wconf 83' lang='lat' dir='ltr'><em>voluerit</em></span> <span class='ocrx_word' id='word_1_112' title='bbox 1037 982 1084 1009; x_wconf 88' lang='lat' dir='ltr'><em>oc</em></span> <span class='ocrx_word' id='word_1_113' title='bbox 1105 975 1166 1009; x_wconf 87' lang='lat' dir='ltr'><em>est</em></span> <span class='ocrx_word' id='word_1_114' title='bbox 1184 982 1204 1010; x_wconf 88' lang='lat' dir='ltr'><em>s</em></span> <span class='ocrx_word' id='word_1_115' title='bbox 1219 999 1228 1008; x_wconf 89' lang='lat'><em>.</em></span> <span class='ocrx_word' id='word_1_116' title='bbox 1246 999 1257 1009; x_wconf 90' lang='lat'><strong>.</strong></span> <span class='ocrx_word' id='word_1_117' title='bbox 1273 999 1284 1009; x_wconf 91' lang='lat'>.</span> <span class='ocrx_word' id='word_1_118' title='bbox 1307 967 1435 1024; x_wconf 69' lang='lat' dir='ltr'><em>{luerit</em></span> <span class='ocrx_word' id='word_1_119' title='bbox 1462 982 1590 1011; x_wconf 80' lang='lat' dir='ltr'><em>arcam</em></span> <span class='ocrx_word' id='word_1_120' title='bbox 1612 971 1780 1023; x_wconf 81' lang='lat' dir='ltr'><em>aperire,</em></span> 
     </span>
     <span class='ocr_line' id='line_1_13' title="bbox 74 1038 670 1096; baseline -0.007 -14"><span class='ocrx_word' id='word_1_121' title='bbox 74 1055 116 1095; x_wconf 88' lang='lat' dir='ltr'><em>p.</em></span> <span class='ocrx_word' id='word_1_122' title='bbox 146 1041 183 1081; x_wconf 89' lang='grc' dir='ltr'>Π</span> <span class='ocrx_word' id='word_1_123' title='bbox 207 1040 215 1096; x_wconf 86' lang='grc' dir='ltr'>Ι</span> <span class='ocrx_word' id='word_1_124' title='bbox 241 1041 326 1081; x_wconf 82' lang='lat' dir='ltr'><em>auri</em></span> <span class='ocrx_word' id='word_1_125' title='bbox 354 1041 450 1080; x_wconf 84' lang='lat' dir='ltr'><em>fisco</em></span> <span class='ocrx_word' id='word_1_126' title='bbox 480 1038 670 1079; x_wconf 85' lang='lat' dir='ltr'><em>reddebit.</em></span> 
     </span>
    </p>
   </div>
   <div class='ocr_carea' id='block_1_6' title="bbox 76 1115 1783 1368">
    <p class='ocr_par' dir='ltr' id='par_1_6' title="bbox 76 1115 1783 1368">
     <span class='ocr_line' id='line_1_14' title="bbox 187 1115 1783 1172; baseline 0.001 -14"><span class='ocrx_word' id='word_1_127' title='bbox 187 1117 304 1165; x_wconf 76' lang='lat'>2803</span> <span class='ocrx_word' id='word_1_128' title='bbox 345 1130 474 1158; x_wconf 83' lang='lat' dir='ltr'><em>arcam</em></span> <span class='ocrx_word' id='word_1_129' title='bbox 494 1117 674 1158; x_wconf 80' lang='lat' dir='ltr'><em>Vassioni</em></span> <span class='ocrx_word' id='word_1_130' title='bbox 694 1117 871 1170; x_wconf 82' lang='lat' dir='ltr'><em>camped.</em></span> <span class='ocrx_word' id='word_1_131' title='bbox 875 1117 901 1138; x_wconf 89' lang='lat'><em>¹¹</em></span> <span class='ocrx_word' id='word_1_132' title='bbox 928 1115 935 1169; x_wconf 88' lang='grc' dir='ltr'>Ι</span> <span class='ocrx_word' id='word_1_133' title='bbox 961 1117 1117 1156; x_wconf 85' lang='lat' dir='ltr'><em>numeri</em></span> <span class='ocrx_word' id='word_1_134' title='bbox 1138 1116 1290 1156; x_wconf 67' lang='lat' dir='ltr'><em>Banor.</em></span> <span class='ocrx_word' id='word_1_135' title='bbox 1313 1130 1381 1156; x_wconf 84' lang='lat' dir='ltr'><em>sen</em></span> <span class='ocrx_word' id='word_1_136' title='bbox 1387 1117 1427 1165; x_wconf 86' lang='lat'><em>.³,</em></span> <span class='ocrx_word' id='word_1_137' title='bbox 1458 1130 1574 1169; x_wconf 91' lang='lat' dir='ltr'><em>quem</em></span> <span class='ocrx_word' id='word_1_138' title='bbox 1594 1119 1783 1172; x_wconf 70' lang='lat' dir='ltr'><strong>sepellivit</strong></span> 
     </span>
     <span class='ocr_line' id='line_1_15' title="bbox 77 1182 1783 1241; baseline -0.001 -13"><span class='ocrx_word' id='word_1_139' title='bbox 77 1188 223 1229; x_wconf 80' lang='lat' dir='ltr'><em>coniux</em></span> <span class='ocrx_word' id='word_1_140' title='bbox 244 1185 520 1234; x_wconf 81' lang='lat' dir='ltr'><em>Suandacca¹²‚</em></span> <span class='ocrx_word' id='word_1_141' title='bbox 552 1197 591 1237; x_wconf 90' lang='lat' dir='ltr'><em>q.</em></span> <span class='ocrx_word' id='word_1_142' title='bbox 612 1186 705 1225; x_wconf 82' lang='lat' dir='ltr'><em>vixit</em></span> <span class='ocrx_word' id='word_1_143' title='bbox 724 1198 814 1226; x_wconf 89' lang='lat' dir='ltr'><em>cum</em></span> <span class='ocrx_word' id='word_1_144' title='bbox 840 1185 847 1239; x_wconf 85' lang='grc' dir='ltr'>Ι</span> <span class='ocrx_word' id='word_1_145' title='bbox 876 1182 953 1241; x_wconf 81' lang='lat' dir='ltr'><em>[e]o</em></span> <span class='ocrx_word' id='word_1_146' title='bbox 975 1197 1070 1224; x_wconf 86' lang='lat' dir='ltr'><em>ann.</em></span> <span class='ocrx_word' id='word_1_147' title='bbox 1093 1184 1210 1232; x_wconf 86' lang='lat' dir='ltr'>XXII,</span> <span class='ocrx_word' id='word_1_148' title='bbox 1240 1185 1352 1225; x_wconf 86' lang='lat' dir='ltr'><em>milit.</em></span> <span class='ocrx_word' id='word_1_149' title='bbox 1382 1198 1476 1225; x_wconf 86' lang='lat' dir='ltr'><em>ann.</em></span> <span class='ocrx_word' id='word_1_150' title='bbox 1502 1186 1651 1236; x_wconf 88' lang='lat' dir='ltr'>XXXV,</span> <span class='ocrx_word' id='word_1_151' title='bbox 1681 1187 1783 1227; x_wconf 83' lang='lat' dir='ltr'><em>feret</em></span> 
     </span>
     <span class='ocr_line' id='line_1_16' title="bbox 76 1249 1783 1310; baseline -0.001 -14"><span class='ocrx_word' id='word_1_152' title='bbox 76 1253 194 1310; x_wconf 69' lang='lat' dir='ltr'><em>alpud</em></span> <span class='ocrx_word' id='word_1_153' title='bbox 222 1267 265 1295; x_wconf 83' lang='lat' dir='ltr'><em>se</em></span> <span class='ocrx_word' id='word_1_154' title='bbox 294 1267 387 1294; x_wconf 83' lang='lat' dir='ltr'><em>ann.</em></span> <span class='ocrx_word' id='word_1_155' title='bbox 418 1253 487 1293; x_wconf 95' lang='lat' dir='ltr'><em>LX</em></span> <span class='ocrx_word' id='word_1_156' title='bbox 497 1265 509 1302; x_wconf 92' lang='lat'>;</span> <span class='ocrx_word' id='word_1_157' title='bbox 538 1253 571 1293; x_wconf 87' lang='lat' dir='ltr'><em>si</em></span> <span class='ocrx_word' id='word_1_158' title='bbox 601 1254 690 1305; x_wconf 89' lang='lat' dir='ltr'><em>quis</em></span> <span class='ocrx_word' id='word_1_159' title='bbox 721 1266 806 1293; x_wconf 85' lang='lat' dir='ltr'><em>eam</em></span> <span class='ocrx_word' id='word_1_160' title='bbox 836 1265 966 1292; x_wconf 85' lang='lat' dir='ltr'><em>arcam</em></span> <span class='ocrx_word' id='word_1_161' title='bbox 995 1249 1176 1307; x_wconf 69' lang='lat' dir='ltr'><em>volluerit</em></span> <span class='ocrx_word' id='word_1_162' title='bbox 1203 1265 1381 1302; x_wconf 85' lang='lat' dir='ltr'><em>movere,</em></span> <span class='ocrx_word' id='word_1_163' title='bbox 1419 1254 1532 1294; x_wconf 84' lang='lat' dir='ltr'><em>virib.</em></span> <span class='ocrx_word' id='word_1_164' title='bbox 1561 1254 1647 1295; x_wconf 82' lang='lat' dir='ltr'><em>fisci</em></span> <span class='ocrx_word' id='word_1_165' title='bbox 1674 1254 1783 1295; x_wconf 84' lang='lat' dir='ltr'><em>dabit</em></span> 
     </span>
     <span class='ocr_line' id='line_1_17' title="bbox 76 1321 1226 1368; baseline -0.004 -4"><span class='ocrx_word' id='word_1_166' title='bbox 76 1322 149 1364; x_wconf 81' lang='lat' dir='ltr'><em>sol.</em></span> <span class='ocrx_word' id='word_1_167' title='bbox 178 1321 295 1362; x_wconf 81' lang='lat' dir='ltr'><em>XXV.</em></span> <span class='ocrx_word' id='word_1_168' title='bbox 356 1326 415 1366; x_wconf 85' lang='lat' dir='ltr'><em>(In</em></span> <span class='ocrx_word' id='word_1_169' title='bbox 439 1326 550 1358; x_wconf 83' lang='lat' dir='ltr'><em>latere</em></span> <span class='ocrx_word' id='word_1_170' title='bbox 575 1325 747 1368; x_wconf 80' lang='lat' dir='ltr'><em>operculi,</em></span> <span class='ocrx_word' id='word_1_171' title='bbox 769 1335 1041 1368; x_wconf 79' lang='lat' dir='ltr'><em>monogramma</em></span> <span class='ocrx_word' id='word_1_172' title='bbox 1067 1323 1226 1368; x_wconf 78' lang='lat' dir='ltr'><em>Christi).</em></span> 
     </span>
    </p>
   </div>
   <div class='ocr_carea' id='block_1_7' title="bbox 62 1399 1784 2848">
    <p class='ocr_par' dir='ltr' id='par_1_7' title="bbox 191 1399 1781 1443">
     <span class='ocr_line' id='line_1_18' title="bbox 191 1399 1781 1443; baseline -0.001 -9"><span class='ocrx_word' id='word_1_173' title='bbox 191 1401 308 1442; x_wconf 75' lang='lat' dir='ltr'><em>Prope</em></span> <span class='ocrx_word' id='word_1_174' title='bbox 325 1399 559 1433; x_wconf 84' lang='lat' dir='ltr'><em>Concordiam</em></span> <span class='ocrx_word' id='word_1_175' title='bbox 578 1399 755 1439; x_wconf 85' lang='lat' dir='ltr'><em>Venetiae,</em></span> <span class='ocrx_word' id='word_1_176' title='bbox 770 1400 988 1442; x_wconf 78' lang='lat' dir='ltr'><em>sarcophagi</em></span> <span class='ocrx_word' id='word_1_177' title='bbox 1002 1399 1182 1441; x_wconf 83' lang='lat' dir='ltr'><em>permulti,</em></span> <span class='ocrx_word' id='word_1_178' title='bbox 1200 1402 1335 1440; x_wconf 76' lang='lat' dir='ltr'><em>reperti</em></span> <span class='ocrx_word' id='word_1_179' title='bbox 1350 1400 1426 1432; x_wconf 84' lang='lat' dir='ltr'><em>loco</em></span> <span class='ocrx_word' id='word_1_180' title='bbox 1443 1401 1603 1442; x_wconf 82' lang='lat' dir='ltr'><em>antiquo,</em></span> <span class='ocrx_word' id='word_1_181' title='bbox 1618 1400 1781 1443; x_wconf 73' lang='lat' dir='ltr'><em>plerique</em></span> 
     </span>
    </p>

    <p class='ocr_par' dir='ltr' id='par_1_8' title="bbox 79 1446 1782 1498">
     <span class='ocr_line' id='line_1_19' title="bbox 79 1446 1782 1498; baseline -0.001 -7"><span class='ocrx_word' id='word_1_182' title='bbox 79 1468 114 1491; x_wconf 81' lang='lat' dir='ltr'><em>a.</em></span> <span class='ocrx_word' id='word_1_183' title='bbox 129 1457 220 1491; x_wconf 69' lang='lat'><em>1873</em></span> <span class='ocrx_word' id='word_1_184' title='bbox 234 1459 270 1488; x_wconf 78' lang='lat' dir='ltr'><em>et</em></span> <span class='ocrx_word' id='word_1_185' title='bbox 290 1457 564 1498; x_wconf 63' lang='lat' dir='ltr'><em>insequentibus,</em></span> <span class='ocrx_word' id='word_1_186' title='bbox 586 1456 751 1488; x_wconf 73' lang='lat' dir='ltr'><em>nonnum</em></span> <span class='ocrx_word' id='word_1_187' title='bbox 775 1467 807 1488; x_wconf 80' lang='lat' dir='ltr'><em>a.</em></span> <span class='ocrx_word' id='word_1_188' title='bbox 824 1446 915 1489; x_wconf 58' lang='grc' dir='ltr'><em>κοῦ</em></span> <span class='ocrx_word' id='word_1_189' title='bbox 923 1450 1085 1498; x_wconf 55' lang='lat' dir='ltr'><em>moti-e</em></span> <span class='ocrx_word' id='word_1_190' title='bbox 1100 1455 1198 1498; x_wconf 75' lang='lat' dir='ltr'><em>degli</em></span> <span class='ocrx_word' id='word_1_191' title='bbox 1211 1457 1309 1488; x_wconf 73' lang='lat' dir='ltr'><em>scam·</em></span> <span class='ocrx_word' id='word_1_192' title='bbox 1323 1456 1409 1489; x_wconf 73' lang='lat'><em>1390</em></span> <span class='ocrx_word' id='word_1_193' title='bbox 1419 1466 1458 1498; x_wconf 82' lang='lat' dir='ltr'><em>p.</em></span> <span class='ocrx_word' id='word_1_194' title='bbox 1474 1456 1559 1497; x_wconf 73' lang='lat'><em>470,-</em></span> <span class='ocrx_word' id='word_1_195' title='bbox 1582 1455 1617 1491; x_wconf 81' lang='lat' dir='ltr'><em>c,</em></span> <span class='ocrx_word' id='word_1_196' title='bbox 1634 1455 1668 1489; x_wconf 84' lang='lat' dir='ltr'><em>V</em></span> <span class='ocrx_word' id='word_1_197' title='bbox 1681 1457 1782 1494; x_wconf 81' lang='lat'><strong><em>8759.</em></strong></span> 
     </span>
    </p>

    <p class='ocr_par' dir='ltr' id='par_1_9' title="bbox 76 1511 1784 2064">
     <span class='ocr_line' id='line_1_20' title="bbox 76 1511 1782 1556; baseline 0 -10"><span class='ocrx_word' id='word_1_198' title='bbox 76 1513 172 1548; x_wconf 70' lang='lat'><strong><em>8740.</em></strong></span> <span class='ocrx_word' id='word_1_199' title='bbox 188 1512 283 1546; x_wconf 79' lang='grc'><strong>8776.</strong></span> <span class='ocrx_word' id='word_1_200' title='bbox 303 1512 402 1546; x_wconf 74' lang='lat'><strong><em>8739.</em></strong></span> <span class='ocrx_word' id='word_1_201' title='bbox 418 1513 515 1546; x_wconf 81' lang='grc'><strong>8750.</strong></span> <span class='ocrx_word' id='word_1_202' title='bbox 530 1513 632 1545; x_wconf 82' lang='grc'><strong>8752.</strong></span> <span class='ocrx_word' id='word_1_203' title='bbox 647 1512 738 1545; x_wconf 72' lang='lat'><em>8775</em></span> <span class='ocrx_word' id='word_1_204' title='bbox 759 1513 899 1554; x_wconf 81' lang='lat' dir='ltr'><em>primus</em></span> <span class='ocrx_word' id='word_1_205' title='bbox 921 1511 1033 1544; x_wconf 80' lang='lat' dir='ltr'><strong><em>edidit</em></strong></span> <span class='ocrx_word' id='word_1_206' title='bbox 1047 1512 1225 1545; x_wconf 80' lang='lat' dir='ltr'><em>Bertoh&#39;ni</em></span> <span class='ocrx_word' id='word_1_207' title='bbox 1249 1511 1527 1552; x_wconf 67' lang='lat' dir='ltr'><em>Concmdiensis,</em></span> <span class='ocrx_word' id='word_1_208' title='bbox 1550 1523 1623 1545; x_wconf 85' lang='lat' dir='ltr'><em>non</em></span> <span class='ocrx_word' id='word_1_209' title='bbox 1645 1523 1782 1556; x_wconf 86' lang='lat' dir='ltr'><em>paucas</em></span> 
     </span>
     <span class='ocr_line' id='line_1_21' title="bbox 77 1567 1780 1613; baseline 0.001 -11"><span class='ocrx_word' id='word_1_210' title='bbox 77 1569 170 1602; x_wconf 84' lang='lat' dir='ltr'><em>vidit</em></span> <span class='ocrx_word' id='word_1_211' title='bbox 197 1569 418 1613; x_wconf 72' lang='lat' dir='ltr'><em>Mommsen).</em></span> <span class='ocrx_word' id='word_1_212' title='bbox 448 1587 494 1594; x_wconf 92' lang='lat'><strong>—</strong></span> <span class='ocrx_word' id='word_1_213' title='bbox 524 1570 557 1610; x_wconf 93' lang='lat'><em>1)</em></span> <span class='ocrx_word' id='word_1_214' title='bbox 587 1567 852 1610; x_wconf 80' lang='lat' dir='ltr'><em>Significantur</em></span> <span class='ocrx_word' id='word_1_215' title='bbox 881 1578 1032 1600; x_wconf 87' lang='lat' dir='ltr'><em>munera</em></span> <span class='ocrx_word' id='word_1_216' title='bbox 1061 1568 1238 1601; x_wconf 86' lang='lat' dir='ltr'><em>militaria</em></span> <span class='ocrx_word' id='word_1_217' title='bbox 1268 1569 1456 1600; x_wconf 77' lang='lat' dir='ltr'><strong><em>tribunatu</em></strong></span> <span class='ocrx_word' id='word_1_218' title='bbox 1486 1567 1665 1608; x_wconf 78' lang='lat' dir='ltr'><em>inferiora</em></span> <span class='ocrx_word' id='word_1_219' title='bbox 1695 1575 1780 1603; x_wconf 76' lang='lat' dir='ltr'><em>noca</em></span> 
     </span>
     <span class='ocr_line' id='line_1_22' title="bbox 76 1622 1779 1668; baseline 0 -9"><span class='ocrx_word' id='word_1_220' title='bbox 76 1629 113 1659; x_wconf 84' lang='lat' dir='ltr'><em>et</em></span> <span class='ocrx_word' id='word_1_221' title='bbox 135 1636 182 1659; x_wconf 68' lang='lat' dir='ltr'><em>ea·</em></span> <span class='ocrx_word' id='word_1_222' title='bbox 204 1625 289 1659; x_wconf 85' lang='lat' dir='ltr'><em>aliis</em></span> <span class='ocrx_word' id='word_1_223' title='bbox 310 1625 493 1658; x_wconf 79' lang='lat' dir='ltr'><em>nonnullis</em></span> <span class='ocrx_word' id='word_1_224' title='bbox 515 1625 810 1668; x_wconf 72' lang='lat' dir='ltr'><em>inscriptionibus</em></span> <span class='ocrx_word' id='word_1_225' title='bbox 834 1622 900 1667; x_wconf 77' lang='lat' dir='ltr'><em>(cf.</em></span> <span class='ocrx_word' id='word_1_226' title='bbox 915 1623 960 1658; x_wconf 89' lang='lat' dir='ltr'><em>N.</em></span> <span class='ocrx_word' id='word_1_227' title='bbox 976 1625 1081 1668; x_wconf 82' lang='lat'><strong><em>2804)</em></strong></span> <span class='ocrx_word' id='word_1_228' title='bbox 1107 1627 1142 1656; x_wconf 85' lang='lat' dir='ltr'><em>et</em></span> <span class='ocrx_word' id='word_1_229' title='bbox 1157 1635 1203 1657; x_wconf 74' lang='lat' dir='ltr'><em>ex</em></span> <span class='ocrx_word' id='word_1_230' title='bbox 1217 1624 1441 1657; x_wconf 84' lang='lat' dir='ltr'><em>memorabili</em></span> <span class='ocrx_word' id='word_1_231' title='bbox 1462 1625 1529 1657; x_wconf 77' lang='lat' dir='ltr'><em>lzoc</em></span> <span class='ocrx_word' id='word_1_232' title='bbox 1553 1625 1629 1658; x_wconf 88' lang='lat' dir='ltr'><em>loco</em></span> <span class='ocrx_word' id='word_1_233' title='bbox 1654 1626 1779 1659; x_wconf 81' lang='lat' dir='ltr'><em>Hiero-</em></span> 
     </span>
     <span class='ocr_line' id='line_1_23' title="bbox 76 1679 1784 1727; baseline 0 -12"><span class='ocrx_word' id='word_1_234' title='bbox 76 1684 180 1727; x_wconf 82' lang='lat' dir='ltr'><em>nymi</em></span> <span class='ocrx_word' id='word_1_235' title='bbox 202 1681 329 1726; x_wconf 82' lang='lat' dir='ltr'><em>(allato</em></span> <span class='ocrx_word' id='word_1_236' title='bbox 354 1691 376 1713; x_wconf 91' lang='lat' dir='ltr'><em>a</em></span> <span class='ocrx_word' id='word_1_237' title='bbox 399 1680 629 1724; x_wconf 76' lang='lat' dir='ltr'><em>Mommseno)</em></span> <span class='ocrx_word' id='word_1_238' title='bbox 662 1683 788 1713; x_wconf 90' lang='lat' dir='ltr'><em>contra</em></span> <span class='ocrx_word' id='word_1_239' title='bbox 821 1680 989 1713; x_wconf 84' lang='lat' dir='ltr'><em>Ioannem</em></span> <span class='ocrx_word' id='word_1_240' title='bbox 1012 1681 1184 1714; x_wconf 82' lang='lat' dir='ltr'><em>Hierosol.</em></span> <span class='ocrx_word' id='word_1_241' title='bbox 1209 1691 1239 1713; x_wconf 90' lang='lat' dir='ltr'><em>c.</em></span> <span class='ocrx_word' id='word_1_242' title='bbox 1261 1680 1304 1713; x_wconf 77' lang='lat'><em>49</em></span> <span class='ocrx_word' id='word_1_243' title='bbox 1334 1679 1473 1723; x_wconf 78' lang='lat' dir='ltr'><em>(Migne</em></span> <span class='ocrx_word' id='word_1_244' title='bbox 1496 1682 1533 1715; x_wconf 85' lang='grc' dir='ltr'><em>Ρ.</em></span> <span class='ocrx_word' id='word_1_245' title='bbox 1557 1681 1635 1715; x_wconf 82' lang='lat' dir='ltr'><em>Lat.</em></span> <span class='ocrx_word' id='word_1_246' title='bbox 1659 1681 1784 1715; x_wconf 86' lang='lat' dir='ltr'>XXIII</span> 
     </span>
     <span class='ocr_line' id='line_1_24' title="bbox 77 1727 1782 1783; baseline -0.001 -11"><span class='ocrx_word' id='word_1_247' title='bbox 77 1750 114 1782; x_wconf 84' lang='lat' dir='ltr'><em>p.</em></span> <span class='ocrx_word' id='word_1_248' title='bbox 136 1738 244 1783; x_wconf 74' lang='lat'><em>38⁶).·</em></span> <span class='ocrx_word' id='word_1_249' title='bbox 269 1731 405 1780; x_wconf 80' lang='lat' dir='ltr'><em>‘Finge</em></span> <span class='ocrx_word' id='word_1_250' title='bbox 435 1727 590 1779; x_wconf 80' lang='lat' dir='ltr'><em>aliquem</em></span> <span class='ocrx_word' id='word_1_251' title='bbox 619 1738 833 1769; x_wconf 81' lang='lat' dir='ltr'><em>tribuniciae</em></span> <span class='ocrx_word' id='word_1_252' title='bbox 858 1739 1046 1780; x_wconf 83' lang='lat' dir='ltr'><em>potestatis</em></span> <span class='ocrx_word' id='word_1_253' title='bbox 1075 1747 1140 1770; x_wconf 88' lang='lat' dir='ltr'><em>suo</em></span> <span class='ocrx_word' id='word_1_254' title='bbox 1168 1738 1257 1769; x_wconf 81' lang='lat' dir='ltr'><em>vitio</em></span> <span class='ocrx_word' id='word_1_255' title='bbox 1280 1736 1514 1778; x_wconf 75' lang='lat' dir='ltr'><em>regradatum</em></span> <span class='ocrx_word' id='word_1_256' title='bbox 1537 1747 1607 1780; x_wconf 84' lang='lat' dir='ltr'><em>per</em></span> <span class='ocrx_word' id='word_1_257' title='bbox 1634 1737 1782 1780; x_wconf 79' lang='lat' dir='ltr'><em>singula</em></span> 
     </span>
     <span class='ocr_line' id='line_1_25' title="bbox 77 1792 1780 1837; baseline 0 -9"><span class='ocrx_word' id='word_1_258' title='bbox 77 1794 230 1828; x_wconf 70' lang='lat' dir='ltr'><em>militiae</em></span> <span class='ocrx_word' id='word_1_259' title='bbox 253 1795 424 1837; x_wconf 81' lang='lat' dir='ltr'><em>equestris</em></span> <span class='ocrx_word' id='word_1_260' title='bbox 440 1792 565 1834; x_wconf 75' lang='lat' dir='ltr'><em>officia</em></span> <span class='ocrx_word' id='word_1_261' title='bbox 582 1793 631 1826; x_wconf 88' lang='lat' dir='ltr'><em>ad</em></span> <span class='ocrx_word' id='word_1_262' title='bbox 645 1794 775 1826; x_wconf 86' lang='lat' dir='ltr'><em>tironis</em></span> <span class='ocrx_word' id='word_1_263' title='bbox 790 1793 1001 1826; x_wconf 83' lang='lat' dir='ltr'><em>vocabulum</em></span> <span class='ocrx_word' id='word_1_264' title='bbox 1017 1793 1231 1835; x_wconf 79' lang='lat' dir='ltr'><em>devolutum,</em></span> <span class='ocrx_word' id='word_1_265' title='bbox 1245 1793 1423 1836; x_wconf 84' lang='lat' dir='ltr'><em>numquid</em></span> <span class='ocrx_word' id='word_1_266' title='bbox 1436 1804 1483 1826; x_wconf 64' lang='lat' dir='ltr'><em>eze</em></span> <span class='ocrx_word' id='word_1_267' title='bbox 1499 1795 1643 1827; x_wconf 58' lang='lat' dir='ltr'><em>tribuno</em></span> <span class='ocrx_word' id='word_1_268' title='bbox 1657 1796 1780 1828; x_wconf 84' lang='lat' dir='ltr'><em>statim</em></span> 
     </span>
     <span class='ocr_line' id='line_1_26' title="bbox 76 1849 1781 1894; baseline -0.001 -9"><span class='ocrx_word' id='word_1_269' title='bbox 76 1851 121 1893; x_wconf 72' lang='lat' dir='ltr'><em>fit</em></span> <span class='ocrx_word' id='word_1_270' title='bbox 135 1853 232 1885; x_wconf 77' lang='lat' dir='ltr'><em>tiro?</em></span> <span class='ocrx_word' id='word_1_271' title='bbox 254 1861 337 1891; x_wconf 86' lang='lat' dir='ltr'><em>non,</em></span> <span class='ocrx_word' id='word_1_272' title='bbox 361 1850 423 1883; x_wconf 86' lang='lat' dir='ltr'><em>sed</em></span> <span class='ocrx_word' id='word_1_273' title='bbox 438 1853 519 1882; x_wconf 84' lang='lat' dir='ltr'><em>ante</em></span> <span class='ocrx_word' id='word_1_274' title='bbox 530 1851 773 1892; x_wconf 83' lang='lat' dir='ltr'><em>primicerius,</em></span> <span class='ocrx_word' id='word_1_275' title='bbox 790 1849 916 1882; x_wconf 84' lang='lat' dir='ltr'><em>deinde</em></span> <span class='ocrx_word' id='word_1_276' title='bbox 930 1854 1086 1891; x_wconf 81' lang='lat' dir='ltr'><em>senator,</em></span> <span class='ocrx_word' id='word_1_277' title='bbox 1103 1850 1331 1892; x_wconf 77' lang='lat' dir='ltr'><em>ducenarius,</em></span> <span class='ocrx_word' id='word_1_278' title='bbox 1348 1851 1584 1892; x_wconf 84' lang='lat' dir='ltr'><em>centenarius,</em></span> <span class='ocrx_word' id='word_1_279' title='bbox 1600 1851 1781 1894; x_wconf 76' lang='lat' dir='ltr'><em>biarchus,</em></span> 
     </span>
     <span class='ocr_line' id='line_1_27' title="bbox 77 1900 1781 1950; baseline -0.001 -9"><span class='ocrx_word' id='word_1_280' title='bbox 77 1909 239 1950; x_wconf 76' lang='lat' dir='ltr'><em>circitor,</em></span> <span class='ocrx_word' id='word_1_281' title='bbox 261 1917 375 1950; x_wconf 78' lang='lat' dir='ltr'><em>eques,</em></span> <span class='ocrx_word' id='word_1_282' title='bbox 400 1906 526 1939; x_wconf 82' lang='lat' dir='ltr'><em>deinde</em></span> <span class='ocrx_word' id='word_1_283' title='bbox 549 1900 643 1939; x_wconf 57' lang='lat' dir='ltr'><em>tiro?</em></span> <span class='ocrx_word' id='word_1_284' title='bbox 666 1924 712 1930; x_wconf 93' lang='lat'>—</span> <span class='ocrx_word' id='word_1_285' title='bbox 735 1907 769 1948; x_wconf 84' lang='lat'><em>2)</em></span> <span class='ocrx_word' id='word_1_286' title='bbox 794 1906 919 1938; x_wconf 84' lang='lat' dir='ltr'><em>Heruli</em></span> <span class='ocrx_word' id='word_1_287' title='bbox 940 1909 1107 1948; x_wconf 76' lang='lat' dir='ltr'><em>seniores,</em></span> <span class='ocrx_word' id='word_1_288' title='bbox 1143 1907 1177 1948; x_wconf 88' lang='lat'><em>3)</em></span> <span class='ocrx_word' id='word_1_289' title='bbox 1199 1905 1331 1939; x_wconf 80' lang='lat' dir='ltr'><em>Batavi</em></span> <span class='ocrx_word' id='word_1_290' title='bbox 1351 1908 1521 1948; x_wconf 77' lang='lat' dir='ltr'><em>seniores,</em></span> <span class='ocrx_word' id='word_1_291' title='bbox 1555 1908 1590 1948; x_wconf 83' lang='lat'><em>4)</em></span> <span class='ocrx_word' id='word_1_292' title='bbox 1615 1905 1781 1940; x_wconf 74' lang='lat' dir='ltr'><em>Mattiaci</em></span> 
     </span>
     <span class='ocr_line' id='line_1_28' title="bbox 77 1961 1780 2007; baseline 0.001 -10"><span class='ocrx_word' id='word_1_293' title='bbox 77 1966 235 1997; x_wconf 82' lang='lat' dir='ltr'><em>seniores</em></span> <span class='ocrx_word' id='word_1_294' title='bbox 265 1974 339 1996; x_wconf 84' lang='lat' dir='ltr'><em>una</em></span> <span class='ocrx_word' id='word_1_295' title='bbox 370 1965 600 1996; x_wconf 83' lang='lat' dir='ltr'><em>recensentur</em></span> <span class='ocrx_word' id='word_1_296' title='bbox 628 1964 668 1995; x_wconf 87' lang='lat' dir='ltr'><em>in</em></span> <span class='ocrx_word' id='word_1_297' title='bbox 701 1961 841 1995; x_wconf 86' lang='lat' dir='ltr'><em>Notitia</em></span> <span class='ocrx_word' id='word_1_298' title='bbox 869 1962 1067 1995; x_wconf 81' lang='lat' dir='ltr'><em>Occidentis</em></span> <span class='ocrx_word' id='word_1_299' title='bbox 1096 1963 1192 1995; x_wconf 77' lang='lat' dir='ltr'><em>inter·</em></span> <span class='ocrx_word' id='word_1_300' title='bbox 1221 1963 1362 1995; x_wconf 75' lang='lat' dir='ltr'><em>auxilia</em></span> <span class='ocrx_word' id='word_1_301' title='bbox 1386 1962 1555 1996; x_wconf 85' lang='lat' dir='ltr'><em>Palatina</em></span> <span class='ocrx_word' id='word_1_302' title='bbox 1586 1965 1780 2007; x_wconf 67' lang='lat' dir='ltr'><em>sea-aginta</em></span> 
     </span>
     <span class='ocr_line' id='line_1_29' title="bbox 80 2014 1780 2064; baseline 0.001 -11"><span class='ocrx_word' id='word_1_303' title='bbox 80 2022 235 2064; x_wconf 76' lang='lat' dir='ltr'><em>quinque</em></span> <span class='ocrx_word' id='word_1_304' title='bbox 267 2021 463 2053; x_wconf 83' lang='lat' dir='ltr'><em>constituta</em></span> <span class='ocrx_word' id='word_1_305' title='bbox 489 2014 568 2052; x_wconf 82' lang='lat' dir='ltr'><em>‘sub</em></span> <span class='ocrx_word' id='word_1_306' title='bbox 600 2019 831 2062; x_wconf 78' lang='lat' dir='ltr'><em>dispositione</em></span> <span class='ocrx_word' id='word_1_307' title='bbox 860 2021 933 2052; x_wconf 80' lang='lat' dir='ltr'><em>viri</em></span> <span class='ocrx_word' id='word_1_308' title='bbox 959 2019 1112 2052; x_wconf 85' lang='lat' dir='ltr'><em>illustris</em></span> <span class='ocrx_word' id='word_1_309' title='bbox 1142 2021 1310 2062; x_wconf 78' lang='lat' dir='ltr'><em>magistri</em></span> <span class='ocrx_word' id='word_1_310' title='bbox 1334 2019 1497 2061; x_wconf 82' lang='lat' dir='ltr'><em>peditum</em></span> <span class='ocrx_word' id='word_1_311' title='bbox 1525 2014 1780 2062; x_wconf 74' lang='lat' dir='ltr'><em>praesentalis&#39;</em></span> 
     </span>
    </p>

    <p class='ocr_par' dir='ltr' id='par_1_10' title="bbox 80 2069 1779 2122">
     <span class='ocr_line' id='line_1_30' title="bbox 80 2069 1779 2122; baseline 0.001 -12"><span class='ocrx_word' id='word_1_312' title='bbox 80 2075 128 2120; x_wconf 82' lang='lat' dir='ltr'><em>(c.</em></span> <span class='ocrx_word' id='word_1_313' title='bbox 141 2076 183 2116; x_wconf 87' lang='lat' dir='ltr'><em>V,</em></span> <span class='ocrx_word' id='word_1_314' title='bbox 199 2086 237 2119; x_wconf 82' lang='lat' dir='ltr'><em>p.</em></span> <span class='ocrx_word' id='word_1_315' title='bbox 251 2076 295 2109; x_wconf 79' lang='grc'><em>24</em></span> <span class='ocrx_word' id='word_1_316' title='bbox 309 2075 464 2119; x_wconf 64' lang='lat' dir='ltr'><em>Bacch),</em></span> <span class='ocrx_word' id='word_1_317' title='bbox 486 2078 520 2108; x_wconf 89' lang='lat' dir='ltr'><em>et</em></span> <span class='ocrx_word' id='word_1_318' title='bbox 535 2086 622 2108; x_wconf 69' lang='lat' dir='ltr'><em>moa:</em></span> <span class='ocrx_word' id='word_1_319' title='bbox 634 2078 728 2108; x_wconf 82' lang='lat' dir='ltr'><em>inter</em></span> <span class='ocrx_word' id='word_1_320' title='bbox 741 2070 1030 2109; x_wconf 75' lang='lat' dir='ltr'><em>numeros‘intra</em></span> <span class='ocrx_word' id='word_1_321' title='bbox 1043 2075 1185 2108; x_wconf 80' lang='lat' dir='ltr'><em>Italiam</em></span> <span class='ocrx_word' id='word_1_322' title='bbox 1198 2069 1353 2108; x_wconf 78' lang='lat' dir='ltr'><em>habitos&#39;</em></span> <span class='ocrx_word' id='word_1_323' title='bbox 1366 2076 1412 2115; x_wconf 89' lang='lat' dir='ltr'><em>(c.</em></span> <span class='ocrx_word' id='word_1_324' title='bbox 1428 2075 1505 2115; x_wconf 91' lang='lat' dir='ltr'><em>VII,</em></span> <span class='ocrx_word' id='word_1_325' title='bbox 1526 2087 1560 2118; x_wconf 85' lang='lat' dir='ltr'><em>p.</em></span> <span class='ocrx_word' id='word_1_326' title='bbox 1571 2078 1622 2111; x_wconf 72' lang='lat'><em>35</em></span> <span class='ocrx_word' id='word_1_327' title='bbox 1637 2077 1779 2122; x_wconf 77' lang='lat' dir='ltr'><em>Boeck).</em></span> 
     </span>
    </p>

    <p class='ocr_par' dir='ltr' id='par_1_11' title="bbox 79 2131 1781 2175">
     <span class='ocr_line' id='line_1_31' title="bbox 79 2131 1781 2175; baseline 0.001 -9"><span class='ocrx_word' id='word_1_328' title='bbox 79 2133 216 2166; x_wconf 82' lang='lat' dir='ltr'><em>Horum</em></span> <span class='ocrx_word' id='word_1_329' title='bbox 248 2134 359 2165; x_wconf 84' lang='lat' dir='ltr'><em>trium</em></span> <span class='ocrx_word' id='word_1_330' title='bbox 390 2142 638 2169; x_wconf 85' lang='lat' dir='ltr'><em>numerorum,</em></span> <span class='ocrx_word' id='word_1_331' title='bbox 673 2142 760 2175; x_wconf 83' lang='lat' dir='ltr'><em>quos</em></span> <span class='ocrx_word' id='word_1_332' title='bbox 786 2131 871 2164; x_wconf 81' lang='lat' dir='ltr'><em>locis</em></span> <span class='ocrx_word' id='word_1_333' title='bbox 893 2133 1016 2165; x_wconf 81' lang='lat' dir='ltr'><em>iisdem</em></span> <span class='ocrx_word' id='word_1_334' title='bbox 1040 2131 1096 2164; x_wconf 83' lang='lat' dir='ltr'><em>vel</em></span> <span class='ocrx_word' id='word_1_335' title='bbox 1118 2142 1190 2165; x_wconf 89' lang='lat' dir='ltr'><em>non</em></span> <span class='ocrx_word' id='word_1_336' title='bbox 1214 2131 1364 2164; x_wconf 82' lang='lat' dir='ltr'><em>multum</em></span> <span class='ocrx_word' id='word_1_337' title='bbox 1387 2134 1483 2164; x_wconf 81' lang='lat' dir='ltr'><em>inter</em></span> <span class='ocrx_word' id='word_1_338' title='bbox 1505 2143 1542 2165; x_wconf 90' lang='lat' dir='ltr'><em>se</em></span> <span class='ocrx_word' id='word_1_339' title='bbox 1565 2133 1781 2167; x_wconf 70' lang='lat' dir='ltr'><em>distantibus</em></span> 
     </span>
    </p>

    <p class='ocr_par' dir='ltr' id='par_1_12' title="bbox 80 2187 1780 2234">
     <span class='ocr_line' id='line_1_32' title="bbox 80 2187 1780 2234; baseline 0.001 -12"><span class='ocrx_word' id='word_1_340' title='bbox 80 2188 266 2222; x_wconf 77' lang='lat' dir='ltr'><em>tetendisse</em></span> <span class='ocrx_word' id='word_1_341' title='bbox 290 2191 442 2232; x_wconf 81' lang='lat' dir='ltr'><em>apparet</em></span> <span class='ocrx_word' id='word_1_342' title='bbox 463 2188 547 2221; x_wconf 85' lang='lat' dir='ltr'><em>inde</em></span> <span class='ocrx_word' id='word_1_343' title='bbox 570 2188 666 2231; x_wconf 86' lang='lat' dir='ltr'><em>quod</em></span> <span class='ocrx_word' id='word_1_344' title='bbox 687 2190 727 2220; x_wconf 87' lang='lat' dir='ltr'><em>in</em></span> <span class='ocrx_word' id='word_1_345' title='bbox 750 2187 892 2221; x_wconf 83' lang='lat' dir='ltr'><em>Notitia</em></span> <span class='ocrx_word' id='word_1_346' title='bbox 915 2191 1061 2221; x_wconf 85' lang='lat' dir='ltr'><em>nomina</em></span> <span class='ocrx_word' id='word_1_347' title='bbox 1085 2199 1206 2221; x_wconf 84' lang='lat' dir='ltr'><em>eorum</em></span> <span class='ocrx_word' id='word_1_348' title='bbox 1229 2189 1354 2220; x_wconf 85' lang='lat' dir='ltr'><em>iuncta</em></span> <span class='ocrx_word' id='word_1_349' title='bbox 1376 2191 1479 2230; x_wconf 85' lang='lat' dir='ltr'><em>sunt,</em></span> <span class='ocrx_word' id='word_1_350' title='bbox 1509 2189 1615 2222; x_wconf 82' lang='lat' dir='ltr'><em>multi</em></span> <span class='ocrx_word' id='word_1_351' title='bbox 1636 2190 1780 2234; x_wconf 82' lang='lat' dir='ltr'><em>milites,</em></span> 
     </span>
    </p>

    <p class='ocr_par' dir='ltr' id='par_1_13' title="bbox 80 2244 1781 2290">
     <span class='ocr_line' id='line_1_33' title="bbox 80 2244 1781 2290; baseline 0 -11"><span class='ocrx_word' id='word_1_352' title='bbox 80 2246 225 2279; x_wconf 79' lang='lat' dir='ltr'><em>testibus</em></span> <span class='ocrx_word' id='word_1_353' title='bbox 247 2246 541 2287; x_wconf 78' lang='lat' dir='ltr'><em>inscriptionibus</em></span> <span class='ocrx_word' id='word_1_354' title='bbox 570 2245 627 2277; x_wconf 79' lang='lat' dir='ltr'><em>bis</em></span> <span class='ocrx_word' id='word_1_355' title='bbox 649 2245 845 2287; x_wconf 81' lang='lat' dir='ltr'><em>harumque</em></span> <span class='ocrx_word' id='word_1_356' title='bbox 866 2244 1055 2287; x_wconf 83' lang='lat' dir='ltr'><em>similibus,</em></span> <span class='ocrx_word' id='word_1_357' title='bbox 1076 2244 1297 2287; x_wconf 85' lang='lat' dir='ltr'><em>sepulturam</em></span> <span class='ocrx_word' id='word_1_358' title='bbox 1322 2245 1542 2279; x_wconf 86' lang='lat' dir='ltr'><em>Concordiae</em></span> <span class='ocrx_word' id='word_1_359' title='bbox 1564 2247 1664 2278; x_wconf 81' lang='lat' dir='ltr'><em>nacti</em></span> <span class='ocrx_word' id='word_1_360' title='bbox 1685 2249 1781 2290; x_wconf 84' lang='lat' dir='ltr'><em>sunt,</em></span> 
     </span>
    </p>

    <p class='ocr_par' dir='ltr' id='par_1_14' title="bbox 79 2300 1781 2345">
     <span class='ocr_line' id='line_1_34' title="bbox 79 2300 1781 2345; baseline 0.001 -10"><span class='ocrx_word' id='word_1_361' title='bbox 79 2301 235 2335; x_wconf 77' lang='lat' dir='ltr'><em>aliorum</em></span> <span class='ocrx_word' id='word_1_362' title='bbox 257 2311 489 2334; x_wconf 85' lang='lat' dir='ltr'><em>numerorum</em></span> <span class='ocrx_word' id='word_1_363' title='bbox 511 2319 556 2325; x_wconf 91' lang='lat'><em>--</em></span> <span class='ocrx_word' id='word_1_364' title='bbox 578 2311 663 2334; x_wconf 88' lang='lat' dir='ltr'><em>nam</em></span> <span class='ocrx_word' id='word_1_365' title='bbox 692 2300 759 2333; x_wconf 86' lang='lat' dir='ltr'><em>alii</em></span> <span class='ocrx_word' id='word_1_366' title='bbox 787 2310 925 2343; x_wconf 80' lang='lat' dir='ltr'><em>quoque</em></span> <span class='ocrx_word' id='word_1_367' title='bbox 948 2303 1089 2334; x_wconf 84' lang='lat' dir='ltr'><em>numeri</em></span> <span class='ocrx_word' id='word_1_368' title='bbox 1110 2303 1355 2334; x_wconf 78' lang='lat' dir='ltr'><em>memorantur</em></span> <span class='ocrx_word' id='word_1_369' title='bbox 1377 2302 1416 2334; x_wconf 85' lang='lat' dir='ltr'><em>in</em></span> <span class='ocrx_word' id='word_1_370' title='bbox 1439 2301 1514 2334; x_wconf 79' lang='lat' dir='ltr'><em>illis</em></span> <span class='ocrx_word' id='word_1_371' title='bbox 1536 2303 1781 2345; x_wconf 81' lang='lat' dir='ltr'><em>inscriptioni-</em></span> 
     </span>
    </p>

    <p class='ocr_par' dir='ltr' id='par_1_15' title="bbox 82 2356 1780 2401">
     <span class='ocr_line' id='line_1_35' title="bbox 82 2356 1780 2401; baseline 0.001 -10"><span class='ocrx_word' id='word_1_372' title='bbox 82 2359 146 2391; x_wconf 88' lang='lat' dir='ltr'><em>bus</em></span> <span class='ocrx_word' id='word_1_373' title='bbox 161 2377 205 2382; x_wconf 97' lang='lat'><strong>—</strong></span> <span class='ocrx_word' id='word_1_374' title='bbox 224 2359 337 2401; x_wconf 85' lang='lat' dir='ltr'><em>pauci</em></span> <span class='ocrx_word' id='word_1_375' title='bbox 360 2360 510 2391; x_wconf 87' lang='lat' dir='ltr'><em>tantum.</em></span> <span class='ocrx_word' id='word_1_376' title='bbox 526 2375 571 2382; x_wconf 97' lang='lat'><strong>—</strong></span> <span class='ocrx_word' id='word_1_377' title='bbox 587 2359 621 2398; x_wconf 87' lang='grc'><em>5)</em></span> <span class='ocrx_word' id='word_1_378' title='bbox 642 2367 713 2392; x_wconf 81' lang='lat' dir='ltr'><em>sen.</em></span> <span class='ocrx_word' id='word_1_379' title='bbox 737 2357 835 2390; x_wconf 74' lang='lat' dir='ltr'><em>ivixit</em></span> <span class='ocrx_word' id='word_1_380' title='bbox 859 2357 960 2400; x_wconf 82' lang='lat' dir='ltr'><em>lapis.</em></span> <span class='ocrx_word' id='word_1_381' title='bbox 979 2376 1022 2381; x_wconf 94' lang='lat'><strong>—</strong></span> <span class='ocrx_word' id='word_1_382' title='bbox 1038 2358 1073 2397; x_wconf 87' lang='grc'><em>6)</em></span> <span class='ocrx_word' id='word_1_383' title='bbox 1089 2356 1245 2390; x_wconf 85' lang='lat' dir='ltr'><em>Nomina</em></span> <span class='ocrx_word' id='word_1_384' title='bbox 1270 2359 1470 2401; x_wconf 83' lang='lat' dir='ltr'><em>barbarica,</em></span> <span class='ocrx_word' id='word_1_385' title='bbox 1491 2357 1647 2397; x_wconf 76' lang='lat' dir='ltr'><em>sortasse</em></span> <span class='ocrx_word' id='word_1_386' title='bbox 1669 2361 1780 2393; x_wconf 82' lang='lat' dir='ltr'><em>etiam</em></span> 
     </span>
    </p>

    <p class='ocr_par' dir='ltr' id='par_1_16' title="bbox 82 2412 1780 2458">
     <span class='ocr_line' id='line_1_36' title="bbox 82 2412 1780 2458; baseline 0.001 -11"><span class='ocrx_word' id='word_1_387' title='bbox 82 2424 106 2447; x_wconf 88' lang='lat' dir='ltr'><em>a</em></span> <span class='ocrx_word' id='word_1_388' title='bbox 130 2414 365 2458; x_wconf 79' lang='lat' dir='ltr'><em>quadratario</em></span> <span class='ocrx_word' id='word_1_389' title='bbox 390 2416 570 2456; x_wconf 85' lang='lat' dir='ltr'><em>corrupta.</em></span> <span class='ocrx_word' id='word_1_390' title='bbox 586 2431 629 2439; x_wconf 86' lang='lat'><em>-—</em></span> <span class='ocrx_word' id='word_1_391' title='bbox 648 2415 682 2454; x_wconf 82' lang='grc'><em>’1)</em></span> <span class='ocrx_word' id='word_1_392' title='bbox 697 2413 750 2446; x_wconf 85' lang='lat' dir='ltr'><em>De</em></span> <span class='ocrx_word' id='word_1_393' title='bbox 774 2414 967 2446; x_wconf 75' lang='lat' dir='ltr'><em>brachiatis</em></span> <span class='ocrx_word' id='word_1_394' title='bbox 992 2413 1039 2453; x_wconf 62' lang='lat' dir='ltr'><em>cli</em></span> <span class='ocrx_word' id='word_1_395' title='bbox 1062 2412 1164 2453; x_wconf 74' lang='lat' dir='ltr'><em>infra</em></span> <span class='ocrx_word' id='word_1_396' title='bbox 1188 2412 1233 2447; x_wconf 88' lang='lat' dir='ltr'><em>N.</em></span> <span class='ocrx_word' id='word_1_397' title='bbox 1251 2415 1349 2448; x_wconf 78' lang='lat'><strong><em>2804.</em></strong></span> <span class='ocrx_word' id='word_1_398' title='bbox 1365 2433 1408 2438; x_wconf 92' lang='lat'>—</span> <span class='ocrx_word' id='word_1_399' title='bbox 1429 2415 1464 2456; x_wconf 90' lang='grc'><em>8)</em></span> <span class='ocrx_word' id='word_1_400' title='bbox 1488 2414 1685 2448; x_wconf 84' lang='lat' dir='ltr'><em>Semissalis</em></span> <span class='ocrx_word' id='word_1_401' title='bbox 1706 2426 1780 2450; x_wconf 84' lang='lat' dir='ltr'><em>non</em></span> 
     </span>
    </p>

    <p class='ocr_par' dir='ltr' id='par_1_17' title="bbox 82 2463 1779 2514">
     <span class='ocr_line' id='line_1_37' title="bbox 82 2463 1779 2514; baseline 0.001 -10"><span class='ocrx_word' id='word_1_402' title='bbox 82 2473 286 2504; x_wconf 85' lang='lat' dir='ltr'><em>recensetur</em></span> <span class='ocrx_word' id='word_1_403' title='bbox 301 2471 344 2502; x_wconf 93' lang='lat' dir='ltr'><em>ab</em></span> <span class='ocrx_word' id='word_1_404' title='bbox 362 2470 578 2514; x_wconf 80' lang='lat' dir='ltr'><em>Hieronymo</em></span> <span class='ocrx_word' id='word_1_405' title='bbox 596 2470 672 2503; x_wconf 89' lang='lat' dir='ltr'><em>Ioco</em></span> <span class='ocrx_word' id='word_1_406' title='bbox 688 2480 798 2513; x_wconf 85' lang='lat' dir='ltr'><em>supra</em></span> <span class='ocrx_word' id='word_1_407' title='bbox 817 2463 948 2511; x_wconf 52' lang='lat' dir='ltr'><em>citato,</em></span> <span class='ocrx_word' id='word_1_408' title='bbox 960 2470 1022 2503; x_wconf 82' lang='lat' dir='ltr'><em>sed</em></span> <span class='ocrx_word' id='word_1_409' title='bbox 1043 2480 1170 2503; x_wconf 85' lang='lat' dir='ltr'><em>nomen</em></span> <span class='ocrx_word' id='word_1_410' title='bbox 1184 2472 1260 2503; x_wconf 85' lang='lat' dir='ltr'><em>eius</em></span> <span class='ocrx_word' id='word_1_411' title='bbox 1273 2470 1397 2511; x_wconf 77' lang='lat' dir='ltr'><em>firmat</em></span> <span class='ocrx_word' id='word_1_412' title='bbox 1411 2474 1446 2503; x_wconf 89' lang='lat' dir='ltr'><em>et</em></span> <span class='ocrx_word' id='word_1_413' title='bbox 1457 2471 1615 2512; x_wconf 82' lang='lat' dir='ltr'><em>gradum</em></span> <span class='ocrx_word' id='word_1_414' title='bbox 1638 2472 1779 2506; x_wconf 82' lang='lat' dir='ltr'><em>demon·</em></span> 
     </span>
    </p>

    <p class='ocr_par' dir='ltr' id='par_1_18' title="bbox 81 2526 1779 2570">
     <span class='ocr_line' id='line_1_38' title="bbox 81 2526 1779 2570; baseline 0.002 -12"><span class='ocrx_word' id='word_1_415' title='bbox 81 2529 193 2568; x_wconf 74' lang='lat' dir='ltr'><em>strat,</em></span> <span class='ocrx_word' id='word_1_416' title='bbox 223 2529 266 2558; x_wconf 88' lang='lat' dir='ltr'><em>ut</em></span> <span class='ocrx_word' id='word_1_417' title='bbox 293 2528 433 2559; x_wconf 83' lang='lat' dir='ltr'><em>monuit</em></span> <span class='ocrx_word' id='word_1_418' title='bbox 463 2526 545 2568; x_wconf 68' lang='lat' dir='ltr'><em>Mo„</em></span> <span class='ocrx_word' id='word_1_419' title='bbox 575 2527 784 2559; x_wconf 83' lang='lat' dir='ltr'><em>constitutio</em></span> <span class='ocrx_word' id='word_1_420' title='bbox 814 2526 1008 2559; x_wconf 87' lang='lat' dir='ltr'><em>Iustiniani</em></span> <span class='ocrx_word' id='word_1_421' title='bbox 1039 2526 1133 2569; x_wconf 84' lang='lat' dir='ltr'><em>(cod.</em></span> <span class='ocrx_word' id='word_1_422' title='bbox 1157 2526 1241 2560; x_wconf 73' lang='lat' dir='ltr'><em>lust.</em></span> <span class='ocrx_word' id='word_1_423' title='bbox 1265 2527 1296 2567; x_wconf 75' lang='lat'><em>4,</em></span> <span class='ocrx_word' id='word_1_424' title='bbox 1319 2528 1376 2568; x_wconf 81' lang='grc'><em>27,</em></span> <span class='ocrx_word' id='word_1_425' title='bbox 1398 2528 1434 2567; x_wconf 84' lang='grc'><em>2,</em></span> <span class='ocrx_word' id='word_1_426' title='bbox 1456 2528 1503 2561; x_wconf 87' lang='grc'><em>20</em></span> <span class='ocrx_word' id='word_1_427' title='bbox 1517 2531 1603 2570; x_wconf 82' lang='lat' dir='ltr'><em>seq.)</em></span> <span class='ocrx_word' id='word_1_428' title='bbox 1611 2554 1622 2570; x_wconf 89' lang='lat'><em>‚</em></span> <span class='ocrx_word' id='word_1_429' title='bbox 1654 2530 1717 2562; x_wconf 83' lang='lat' dir='ltr'><em>ubi</em></span> <span class='ocrx_word' id='word_1_430' title='bbox 1739 2531 1779 2563; x_wconf 85' lang='lat' dir='ltr'><em>in</em></span> 
     </span>
    </p>

    <p class='ocr_par' dir='ltr' id='par_1_19' title="bbox 85 2580 1779 2629">
     <span class='ocr_line' id='line_1_39' title="bbox 85 2580 1779 2629; baseline 0.002 -14"><span class='ocrx_word' id='word_1_431' title='bbox 85 2580 220 2622; x_wconf 76' lang='lat' dir='ltr'><em>officiis</em></span> <span class='ocrx_word' id='word_1_432' title='bbox 229 2582 360 2615; x_wconf 81' lang='lat' dir='ltr'><em>ducum</em></span> <span class='ocrx_word' id='word_1_433' title='bbox 369 2584 642 2625; x_wconf 82' lang='lat' dir='ltr'><em>provinciarum</em></span> <span class='ocrx_word' id='word_1_434' title='bbox 654 2582 915 2622; x_wconf 80' lang='lat' dir='ltr'><em>Africanarum</em></span> <span class='ocrx_word' id='word_1_435' title='bbox 923 2587 1005 2625; x_wconf 79' lang='lat' dir='ltr'><em>pose</em></span> <span class='ocrx_word' id='word_1_436' title='bbox 1012 2584 1271 2626; x_wconf 81' lang='lat' dir='ltr'><em>primicerium,</em></span> <span class='ocrx_word' id='word_1_437' title='bbox 1283 2586 1541 2627; x_wconf 84' lang='lat' dir='ltr'><em>numerarium,</em></span> <span class='ocrx_word' id='word_1_438' title='bbox 1554 2585 1779 2629; x_wconf 85' lang='lat' dir='ltr'><em>ducenarios,</em></span> 
     </span>
    </p>

    <p class='ocr_par' dir='ltr' id='par_1_20' title="bbox 82 2639 1779 2684">
     <span class='ocr_line' id='line_1_40' title="bbox 82 2639 1779 2684; baseline 0.002 -13"><span class='ocrx_word' id='word_1_439' title='bbox 82 2640 316 2681; x_wconf 82' lang='lat' dir='ltr'><em>centenarios,</em></span> <span class='ocrx_word' id='word_1_440' title='bbox 340 2640 514 2681; x_wconf 76' lang='lat' dir='ltr'><em>biarchos,</em></span> <span class='ocrx_word' id='word_1_441' title='bbox 530 2641 723 2679; x_wconf 72' lang='lat' dir='ltr'><em>circiiores,</em></span> <span class='ocrx_word' id='word_1_442' title='bbox 742 2641 969 2672; x_wconf 76' lang='lat' dir='ltr'><em>recensentur</em></span> <span class='ocrx_word' id='word_1_443' title='bbox 983 2640 1179 2672; x_wconf 78' lang='lat' dir='ltr'><em>semissalii.</em></span> <span class='ocrx_word' id='word_1_444' title='bbox 1197 2659 1242 2665; x_wconf 93' lang='lat'><strong>—</strong></span> <span class='ocrx_word' id='word_1_445' title='bbox 1258 2642 1292 2681; x_wconf 84' lang='grc'><em>9)</em></span> <span class='ocrx_word' id='word_1_446' title='bbox 1309 2639 1479 2683; x_wconf 76' lang='lat' dir='ltr'><em>Magistri</em></span> <span class='ocrx_word' id='word_1_447' title='bbox 1491 2643 1604 2684; x_wconf 84' lang='lat' dir='ltr'><em>primi</em></span> <span class='ocrx_word' id='word_1_448' title='bbox 1618 2642 1779 2684; x_wconf 80' lang='lat' dir='ltr'><em>dignitas</em></span> 
     </span>
    </p>

    <p class='ocr_par' dir='ltr' id='par_1_21' title="bbox 62 2695 1778 2798">
     <span class='ocr_line' id='line_1_41' title="bbox 78 2695 1778 2740; baseline 0.002 -12"><span class='ocrx_word' id='word_1_449' title='bbox 78 2698 268 2739; x_wconf 85' lang='lat' dir='ltr'><em>praeterea</em></span> <span class='ocrx_word' id='word_1_450' title='bbox 298 2696 435 2737; x_wconf 77' lang='lat' dir='ltr'><em>ignota.</em></span> <span class='ocrx_word' id='word_1_451' title='bbox 461 2714 502 2719; x_wconf 87' lang='lat'><strong>—</strong></span> <span class='ocrx_word' id='word_1_452' title='bbox 531 2696 584 2736; x_wconf 89' lang='grc'><em>10)</em></span> <span class='ocrx_word' id='word_1_453' title='bbox 609 2705 640 2729; x_wconf 90' lang='lat' dir='ltr'><em>n.</em></span> <span class='ocrx_word' id='word_1_454' title='bbox 665 2704 693 2728; x_wconf 81' lang='lat' dir='ltr'><em>s.</em></span> <span class='ocrx_word' id='word_1_455' title='bbox 718 2695 880 2735; x_wconf 78' lang='lat' dir='ltr'><em>litterae,</em></span> <span class='ocrx_word' id='word_1_456' title='bbox 910 2706 1019 2739; x_wconf 83' lang='lat' dir='ltr'><em>supra</em></span> <span class='ocrx_word' id='word_1_457' title='bbox 1044 2697 1174 2729; x_wconf 82' lang='lat' dir='ltr'><em>lineam</em></span> <span class='ocrx_word' id='word_1_458' title='bbox 1198 2697 1373 2739; x_wconf 85' lang='lat' dir='ltr'><em>adiectae,</em></span> <span class='ocrx_word' id='word_1_459' title='bbox 1403 2708 1474 2730; x_wconf 88' lang='lat' dir='ltr'><em>non</em></span> <span class='ocrx_word' id='word_1_460' title='bbox 1498 2698 1778 2740; x_wconf 55' lang='lat' dir='ltr'><em>medimnum</em></span> 
     </span>
     <span class='ocr_line' id='line_1_42' title="bbox 62 2749 1777 2798; baseline 0.003 -15"><span class='ocrx_word' id='word_1_461' title='bbox 62 2751 127 2784; x_wconf 86' lang='lat' dir='ltr'><em>&#39;de</em></span> <span class='ocrx_word' id='word_1_462' title='bbox 157 2749 330 2790; x_wconf 80' lang='lat' dir='ltr'><em>semal&#39;ori</em></span> <span class='ocrx_word' id='word_1_463' title='bbox 358 2751 528 2784; x_wconf 84' lang='lat' dir='ltr'><em>vocabulo</em></span> <span class='ocrx_word' id='word_1_464' title='bbox 559 2749 605 2791; x_wconf 81' lang='lat' dir='ltr'><em>cs&#39;.</em></span> <span class='ocrx_word' id='word_1_465' title='bbox 638 2761 747 2794; x_wconf 75' lang='lat' dir='ltr'><em>supra</em></span> <span class='ocrx_word' id='word_1_466' title='bbox 771 2751 816 2785; x_wconf 89' lang='lat' dir='ltr'><em>N.</em></span> <span class='ocrx_word' id='word_1_467' title='bbox 840 2752 931 2785; x_wconf 73' lang='lat'><em>2521</em></span> <span class='ocrx_word' id='word_1_468' title='bbox 957 2752 1045 2795; x_wconf 83' lang='lat' dir='ltr'><em>(not.</em></span> <span class='ocrx_word' id='word_1_469' title='bbox 1068 2753 1121 2796; x_wconf 80' lang='lat'><em>2).</em></span> <span class='ocrx_word' id='word_1_470' title='bbox 1145 2772 1191 2778; x_wconf 93' lang='lat'>—</span> <span class='ocrx_word' id='word_1_471' title='bbox 1217 2755 1271 2794; x_wconf 83' lang='lat'><em>11)</em></span> <span class='ocrx_word' id='word_1_472' title='bbox 1297 2753 1551 2796; x_wconf 84' lang='lat' dir='ltr'><em>Campedoctor</em></span> <span class='ocrx_word' id='word_1_473' title='bbox 1580 2754 1645 2794; x_wconf 74' lang='lat' dir='ltr'><em>(cs.</em></span> <span class='ocrx_word' id='word_1_474' title='bbox 1667 2765 1777 2798; x_wconf 81' lang='lat' dir='ltr'><em>supra</em></span> 
     </span>
    </p>

    <p class='ocr_par' dir='ltr' id='par_1_22' title="bbox 82 2806 1138 2848">
     <span class='ocr_line' id='line_1_43' title="bbox 82 2806 1138 2848; baseline 0.001 -7"><span class='ocrx_word' id='word_1_475' title='bbox 82 2806 130 2841; x_wconf 84' lang='lat' dir='ltr'><em>N.</em></span> <span class='ocrx_word' id='word_1_476' title='bbox 153 2808 240 2842; x_wconf 74' lang='lat'><em>2416</em></span> <span class='ocrx_word' id='word_1_477' title='bbox 265 2809 338 2840; x_wconf 86' lang='lat' dir='ltr'><em>not.</em></span> <span class='ocrx_word' id='word_1_478' title='bbox 361 2807 415 2845; x_wconf 77' lang='grc' dir='ltr'><em>ὅ).</em></span> <span class='ocrx_word' id='word_1_479' title='bbox 439 2825 483 2831; x_wconf 91' lang='lat'><em>—-</em></span> <span class='ocrx_word' id='word_1_480' title='bbox 511 2808 566 2848; x_wconf 81' lang='lat'><em>12)</em></span> <span class='ocrx_word' id='word_1_481' title='bbox 591 2807 760 2841; x_wconf 81' lang='lat' dir='ltr'><em>Fortasse</em></span> <span class='ocrx_word' id='word_1_482' title='bbox 783 2809 925 2842; x_wconf 83' lang='lat' dir='ltr'><em>coniuxs</em></span> <span class='ocrx_word' id='word_1_483' title='bbox 948 2807 1138 2843; x_wconf 72' lang='lat' dir='ltr'><em>Vandaeea.</em></span> 
     </span>
    </p>
   </div>
   <div class='ocr_carea' id='block_1_8' title="bbox 85 2907 1777 3101">
    <p class='ocr_par' dir='ltr' id='par_1_23' title="bbox 85 2907 1777 3101">
     <span class='ocr_line' id='line_1_44' title="bbox 195 2907 1776 2967; baseline 0.003 -19"><span class='ocrx_word' id='word_1_484' title='bbox 195 2907 309 2954; x_wconf 75' lang='grc'><em>2804</em></span> <span class='ocrx_word' id='word_1_485' title='bbox 352 2909 409 2949; x_wconf 86' lang='lat' dir='ltr'><em>Fl.</em></span> <span class='ocrx_word' id='word_1_486' title='bbox 440 2909 581 2950; x_wconf 78' lang='lat' dir='ltr'><em>Saume</em></span> <span class='ocrx_word' id='word_1_487' title='bbox 612 2909 743 2950; x_wconf 83' lang='lat' dir='ltr'><em>biarco</em></span> <span class='ocrx_word' id='word_1_488' title='bbox 781 2910 829 2950; x_wconf 85' lang='lat' dir='ltr'><em>de</em></span> <span class='ocrx_word' id='word_1_489' title='bbox 860 2923 1026 2951; x_wconf 85' lang='lat' dir='ltr'><em>numero</em></span> <span class='ocrx_word' id='word_1_490' title='bbox 1060 2912 1235 2963; x_wconf 86' lang='lat' dir='ltr'><em>equitum</em></span> <span class='ocrx_word' id='word_1_491' title='bbox 1273 2911 1574 2952; x_wconf 80' lang='lat' dir='ltr'><em>bracchiatoru.¹</em></span> <span class='ocrx_word' id='word_1_492' title='bbox 1606 2910 1614 2967; x_wconf 85' lang='grc' dir='ltr'>Ι</span> <span class='ocrx_word' id='word_1_493' title='bbox 1648 2925 1776 2954; x_wconf 84' lang='lat' dir='ltr'><em>arcam</em></span> 
     </span>
     <span class='ocr_line' id='line_1_45' title="bbox 85 2977 1777 3034; baseline 0.002 -17"><span class='ocrx_word' id='word_1_494' title='bbox 85 2977 140 3018; x_wconf 91' lang='lat' dir='ltr'><em>illi</em></span> <span class='ocrx_word' id='word_1_495' title='bbox 170 2984 351 3017; x_wconf 83' lang='lat' dir='ltr'><em>emerunt</em></span> <span class='ocrx_word' id='word_1_496' title='bbox 389 2979 510 3017; x_wconf 79' lang='lat' dir='ltr'><em>frater</em></span> <span class='ocrx_word' id='word_1_497' title='bbox 539 2978 631 3018; x_wconf 83' lang='lat' dir='ltr'><em>Viax</em></span> <span class='ocrx_word' id='word_1_498' title='bbox 661 2984 701 3018; x_wconf 86' lang='lat' dir='ltr'><em>et</em></span> <span class='ocrx_word' id='word_1_499' title='bbox 737 2978 914 3031; x_wconf 86' lang='lat' dir='ltr'><em>Euingus</em></span> <span class='ocrx_word' id='word_1_500' title='bbox 942 2979 1126 3027; x_wconf 82' lang='lat' dir='ltr'><em>semtor²,</em></span> <span class='ocrx_word' id='word_1_501' title='bbox 1165 2979 1379 3034; x_wconf 60' lang='lat' dir='ltr'><em>Alussgildus</em></span> <span class='ocrx_word' id='word_1_502' title='bbox 1409 2978 1585 3028; x_wconf 85' lang='lat' dir='ltr'><em>biarcus;</em></span> <span class='ocrx_word' id='word_1_503' title='bbox 1625 2981 1657 3020; x_wconf 86' lang='lat' dir='ltr'><em>si</em></span> <span class='ocrx_word' id='word_1_504' title='bbox 1689 2981 1777 3034; x_wconf 86' lang='lat' dir='ltr'><em>quis</em></span> 
     </span>
     <span class='ocr_line' id='line_1_46' title="bbox 86 3044 1315 3101; baseline 0.003 -17"><span class='ocrx_word' id='word_1_505' title='bbox 86 3044 190 3085; x_wconf 83' lang='lat' dir='ltr'><em>illam</em></span> <span class='ocrx_word' id='word_1_506' title='bbox 221 3045 375 3098; x_wconf 85' lang='lat' dir='ltr'><em>aperire</em></span> <span class='ocrx_word' id='word_1_507' title='bbox 403 3044 582 3094; x_wconf 82' lang='lat' dir='ltr'><em>voluerit,</em></span> <span class='ocrx_word' id='word_1_508' title='bbox 612 3045 718 3086; x_wconf 79' lang='lat' dir='ltr'><em>dabit</em></span> <span class='ocrx_word' id='word_1_509' title='bbox 748 3046 841 3087; x_wconf 86' lang='lat' dir='ltr'><em>fisco</em></span> <span class='ocrx_word' id='word_1_510' title='bbox 872 3047 955 3087; x_wconf 82' lang='lat' dir='ltr'><em>auri</em></span> <span class='ocrx_word' id='word_1_511' title='bbox 981 3045 987 3101; x_wconf 73' lang='grc' dir='ltr'>Ι</span> <span class='ocrx_word' id='word_1_512' title='bbox 1014 3046 1152 3087; x_wconf 84' lang='lat' dir='ltr'><em>libram</em></span> <span class='ocrx_word' id='word_1_513' title='bbox 1183 3060 1315 3089; x_wconf 86' lang='lat' dir='ltr'><em>unam.</em></span> 
     </span>
    </p>
   </div>
  </div>
 </body>
</html>
