1968 3268
135 116 216 155 288
387 117 390 120 “
866 117 986 161 Caput
1008 117 1091 152 IIII.

243 229 375 263 Romae
399 230 482 262 olim
506 232 544 262 in
568 229 736 262 basilicae
752 228 1000 262 Lateranensis
1023 229 1154 272 abside,
1182 230 1222 262 in
1245 239 1350 272 opere
1371 231 1520 270 musivo,
1539 231 1655 273 periit
1676 221 1835 267 (ΑΜ.-

131 289 298 320 accurate
314 287 492 329 descripta
508 287 642 328 legitur
656 287 695 318 in
713 286 833 318 codice
848 295 938 319 saec.
956 285 1007 319 IX
1021 286 1106 319 olim
1122 285 1421 319 Laureshamensi
1435 297 1532 320 nunc
1548 286 1834 322 Palatino-Vna-

133 355 243 385 cano,·
265 344 417 377 alterum
442 344 689 386 apographum
708 343 888 384 reperitur
905 345 943 375 in
957 343 1095 386 sylloge
1111 343 1388 385 inscriptionum
1403 343 1572 376 basilicae
1586 343 1838 379 Later-anonis

132 398 233 440 facta
263 411 354 433 saec.
377 400 449 432 XII
475 400 532 431 vel
552 399 656 439 XIII,
690 410 796 442 quam
825 400 987 433 adhibuit
1011 400 1205 432 panvinius
1235 402 1271 432 et
1301 410 1392 443 quae
1420 403 1609 443 praeterea
1636 402 1838 445 perscripta

131 459 313 500 reperitur
336 458 375 488 in
400 456 519 488 codice
543 457 666 499 aliquo
685 456 892 490 Sessoriano
918 456 976 500 (de
992 457 1095 490 Ros-si
1109 458 1218 490 inser.
1235 457 1309 490 chr.
1327 456 1363 489 II
1377 456 1395 490 4
1417 467 1452 500 p.
1469 457 1543 499 449,
1557 456 1600 491 47
1606 469 1621 498 ;
1640 468 1676 501 p.
1691 457 1769 500 507,
1783 457 1836 503 5).

132 533 179 538 ——
205 514 235 555 1)
254 513 369 546 Victor
385 511 629 545 Constantinus
652 513 790 556 sylloge
806 514 1059 547 Lateranensis
1083 513 1300 556 compendiis
1321 513 1412 546 male
1434 513 1560 547 solutis
1576 512 1733 556 (Flavius
1749 513 1838 548 Con·

121 571 278 605 *stantius
312 569 405 603 Felix
431 567 546 601 Victor
576 569 689 602 edidit
717 570 941 614 Panvinius).
967 589 1009 594 —
1035 572 1070 611 2)
1093 570 1202 603 Felix
1221 571 1400 613 patricius
1430 573 1466 603 et
1486 572 1659 613 mag-ister
1680 570 1835 605 militum

135 629 354 660 memoratur
377 627 419 658 ab
441 625 554 658 Idalio
578 627 641 658 sub
666 636 698 660 a.
713 627 793 669 425,
817 638 838 659 a
854 627 1027 670 Prospero
1050 628 1113 660 sub
1131 638 1163 660 a.
1179 627 1255 660 426.
1269 620 1346 661 427.
1362 627 1438 660 429.
1476 626 1613 663 Consul.
1627 627 1839 661 ordinarius

133 683 206 723 fuit
229 695 262 717 a.
284 684 362 717 428.
410 682 594 715 Interemit
615 686 648 715 et
670 684 787 725 ipsum
812 686 847 715 et
867 694 1018 717 uxorem
1042 685 1117 716 eius
1140 683 1330 716 Padusiam
1362 684 1484 718 (1.,450
1507 684 1641 729 Aetius
1657 683 1834 728 (Prosper,

134 741 282 780 Idalius,
308 739 535 773 Marcellinus
559 740 608 772 ad
630 750 662 772 a.
685 740 780 784 450).
827 740 886 772 Ea:
910 741 965 772 Izis
989 739 1132 772 titulum
1153 743 1310 783 positum
1333 750 1406 772 esse
1428 742 1524 773 inter
1547 751 1579 774 a.
1602 741 1750 786 4281450
1773 750 1839 784 ap-

131 800 246 840 paret.
296 795 348 836 Cf.
372 795 475 835 infra
498 795 543 829 Ν.
568 797 666 830 4298.

248 907 361 955 1294
405 909 461 949 Fl.
493 910 664 949 Ricimer
694 922 728 949 ν.
759 910 812 958 i.¹‚
844 910 1028 961 magister
1058 910 1262 961 utriusque
1290 909 1474 958 militiae,
1504 909 1692 962 patricius
1721 915 1760 950 et
1789 922 1837 950 ex

135 991 244 1019 cons.
277 977 391 1027 ord.²‚
421 990 494 1030 pro
524 985 615 1017 voto
645 990 717 1018 suo
747 977 962 1017 adornavit.

249 1044 391 1084 Romae,
415 1046 455 1077 in
479 1045 625 1077 ccclesia
649 1043 684 1077 S.
702 1044 877 1086 Agathae,
899 1045 938 1076 in
963 1055 1067 1087 opere
1090 1046 1238 1084 musivo,
1261 1045 1404 1087 saepius
1429 1044 1607 1088 descn’pta
1629 1055 1719 1077 saec.
1743 1042 1839 1086 XVI,

135 1103 198 1134 sub
225 1103 327 1134 cuius
343 1101 450 1141 finem
463 1102 575 1145 periit
599 1101 658 1144 (de
675 1100 775 1134 Bassi
798 1102 906 1134 inser.
931 1101 1005 1135 chr.
1030 1101 1076 1141 II,
1101 1101 1119 1133 4
1148 1111 1185 1143 Ρ.
1209 1102 1277 1135 458
1299 1111 1333 1134 n.
1353 1100 1418 1134 427
1441 1101 1489 1133 ad
1509 1101 1719 1144 apographa
1743 1100 1840 1133 Petri

137 1158 273 1199 Sabini,
300 1158 499 1200 Cittadinii,
519 1158 712 1202 Winglzii).
736 1176 780 1181 -—
807 1157 839 1199 1)
858 1157 924 1191 Vir
939 1157 1114 1189 inlustris.
1130 1175 1172 1180 —-
1192 1159 1225 1198 2)
1251 1156 1404 1190 Ricimer
1419 1157 1544 1190 consul
1556 1156 1632 1196 fuit
1653 1168 1687 1190 a.
1701 1157 1777 1190 459.
1794 1174 1838 1181 --

135 1214 301 1257 Ricimer‚
325 1218 431 1247 natus
444 1218 548 1258 patre
565 1214 689 1254 Suebo,
714 1216 827 1246 matre
852 1212 965 1246 Gotha
991 1213 1179 1256 (Sidonius
1200 1223 1328 1262 paneg.
1351 1215 1392 1246 in
1414 1213 1578 1248 Anthem.
1600 1214 1696 1259 564),
1718 1215 1835 1246 sectae

137 1272 297 1304 Arianae
319 1270 430 1311 fuisse
450 1271 631 1313 putandus
656 1273 715 1304 est.
763 1270 812 1303 Et
836 1269 910 1309 fuit
932 1270 1006 1303 illis
1030 1271 1245 1313 temporibus
1268 1271 1413 1304 ecclesia
1437 1270 1473 1304 S.
1498 1271 1662 1313 Agathos
1683 1273 1835 1313 urbana,

137 1339 242 1371 quam
258 1328 318 1361 ille
334 1328 538 1370 adornavit,
553 1329 786 1368 Arianorum,
803 1328 1000 1369 mansitque
1015 1338 1126 1370 usque
1141 1327 1189 1359 ad
1204 1330 1362 1370 tempora
1382 1326 1550 1369 Gregorii
1565 1327 1691 1371 Magni
1707 1338 1839 1372 papae,

136 1388 178 1418 ut
200 1389 350 1428 apparet
372 1396 417 1417 θαι
442 1386 547 1417 huius
572 1384 656 1418 dial.
679 1385 714 1424 5,
736 1385 782 1418 50
807 1386 842 1416 et
864 1394 910 1416 ea.-
933 1384 1024 1416 libro
1046 1383 1259 1426 pontificali.

251 1486 363 1532 1295
407 1492 462 1537 -Ι-
488 1494 493 1535 Ι
519 1487 627 1527 Felix
647 1500 680 1526 v.
702 1488 726 1526 i.
753 1486 759 1541 Ι
787 1500 834 1526 ex
855 1487 1018 1527 consule
1038 1486 1150 1535 ord.¹‚
1178 1486 1184 1540 Ι
1210 1499 1344 1527 servus
1364 1486 1488 1534 vest.²‚
1507 1498 1581 1539 pro
1607 1486 1615 1541 Ι
1641 1485 1841 1527 continuis

138 1553 355 1610 benelficiis
384 1556 521 1595 vestris
549 1553 555 1608 Ι
581 1555 735 1608 optulit.
940 1546 946 1553 ’

252 1623 366 1665 Prope
391 1622 520 1656 Gabios
550 1633 623 1664 rep.
656 1625 780 1664 cippus
803 1624 854 1653 est
876 1620 1005 1654 Romae
1028 1622 1068 1671 in
1091 1630 1210 1653 museo
1235 1620 1468 1672 Later-artensi
1491 1620 1599 1663 (XIV
1601 1653 1605 1657 ,
1614 1621 1706 1655 2824
1729 1621 1840 1654 descr.

139 1681 182 1713 de
205 1679 335 1723 Rossi).
362 1698 402 1703 -
430 1681 461 1721 1)
486 1681 527 1713 Α.
551 1679 627 1712 544.
649 1697 696 1703 ——
720 1680 753 1720 2)
778 1678 909 1711 Servus
934 1681 1055 1718 vester,
1079 1678 1216 1710 scilicet
1238 1681 1456 1720 sanctorum.

252 1781 364 1828 1296
402 1783 608 1822 Memmius
639 1782 845 1822 Sallustius
871 1784 876 1832 Ι
904 1781 1083 1821 Salvinus
1114 1780 1274 1820 Dianius
1303 1793 1336 1819 v,
1369 1781 1415 1819 s.¹
1450 1781 1457 1833 Ι
1491 1779 1686 1821 basilicam
1725 1791 1841 1820 sanc-

138 1859 268 1892 torum
295 1851 301 1905 Ι
327 1851 559 1903 angelorum
590 1851 693 1898 fecit,
724 1851 764 1889 in
791 1848 796 1903 Ι
825 1861 900 1901 qua
931 1849 1102 1901 sepelliri
1134 1861 1214 1888 non
1245 1848 1348 1887 licet.

253 1918 366 1961 Prope
390 1918 571 1950 Perusiam
595 1927 667 1959 rep.
694 1916 762 1957 (XI
781 1918 871 1950 2089
895 1916 1005 1949 descr.
1031 1915 1207 1948 Marinius
1231 1914 1393 1957 aliique).
1417 1933 1461 1939 —
1481 1916 1512 1956 1)
1539 1914 1606 1948 Vir
1627 1912 1839 1957 spectabilis.

260 2030 370 2075 1297
413 2036 465 2081 -Ι-
488 2031 615 2083 Opilio
637 2045 671 2070 v.
689 2044 723 2071 c.
747 2029 752 2084 Ι
777 2015 816 2071 et
834 2031 918 2079 inl„
939 2043 978 2082 p.
997 2044 1034 2082 p.
1051 2031 1138 2082 adq.
1163 2029 1168 2084 Ι
1190 2029 1390 2082 patricius,
1411 2029 1514 2068 hanc
1535 2026 1541 2083 Ι
1563 2028 1761 2068 basilicam
1780 2028 1842 2068 vel

140 2097 368 2154 craltorium
404 2100 444 2139 in
484 2100 637 2139 honore
673 2098 678 2153 Ι
711 2098 803 2139 W
840 2098 1012 2138 Iustinae
1048 2096 1239 2152 marfltyris
1274 2110 1294 2136 a
1335 2097 1601 2137 fundamentis
1627 2097 1634 2148 Ι
1661 2103 1842 2149 coeptam

142 2168 214 2208 deo
246 2168 415 2207 iuvante
445 2169 555 2220 perse
582 2168 588 2216 Ι
615 2173 666 2216 -Ι-
697 2168 750 2207 cit
778 2172 843 2216 -Ι-.

256 2235 398 2267 Patavii
420 2237 459 2266 in
482 2235 628 2267 ecclesia
646 2234 681 2267 S.
698 2234 857 2266 Iustinae
873 2232 929 2276 (V
937 2233 1026 2267 5400
1042 2232 1133 2264 vidit
1150 2231 1368 2275 Mommsen).
1384 2250 1430 2255 —
1449 2230 1563 2274 Opilio
1579 2229 1657 2271 fuit
1668 2232 1841 2273 magister

143 2289 347 2330 officiorum
382 2290 630 2324 Valentiniani
660 2291 716 2323 III
738 2302 771 2323 a.
792 2291 865 2323 449.
889 2291 953 2323 430
987 2287 1092 2332 (Nov.
1120 2289 1258 2322 Valent.
1289 2289 1344 2329 27,
1368 2288 1448 2332 29),
1479 2287 1603 2321 consul
1632 2287 1840 2320 ordinarius

143 2358 177 2379 a.
198 2348 277 2380 455.
324 2347 430 2379 Alius
453 2347 608 2379 eiusdem
632 2348 789 2380 nominis
810 2345 885 2385 fuit
908 2346 1031 2379 consul
1054 2345 1130 2378 ord.
1155 2356 1187 2378 a.
1211 2346 1297 2385 524,
1322 2345 1414 2377 idem
1437 2346 1515 2376 sine
1537 2344 1644 2377 dubio
1667 2343 1716 2376 ad
1737 2353 1839 2386 quem

142 2402 330 2434 Ennodius
353 2403 451 2435 dedit
479 2403 645 2446 epistolas
674 2403 871 2446 complures
895 2402 942 2446 (4,
956 2403 1015 2436 22.
1038 2403 1072 2444 ὅ,
1087 2402 1149 2445 5),
1180 2401 1318 2444 legatus
1346 2404 1470 2434 missus
1494 2413 1516 2434 a
1543 2399 1768 2434 Theodahaeo
1793 2398 1843 2432 ad

142 2458 382 2491 Iustinianum
407 2458 569 2501 (Procop.
597 2459 698 2492 Goth.
722 2461 752 2500 4,
769 2460 818 2503 4).

257 2661 369 2709 1298
574 2667 609 2703 1.
1393 2664 1431 2702 2.

230 2731 288 2770 Fl.
320 2731 460 2771 Felicis
490 2743 523 2769 v.
556 2743 603 2778 c..
634 2743 734 2769 com.
766 2743 811 2770 ac
840 2744 941 2783 mag.
1086 2738 1191 2782 utrq.
1222 2731 1317 2779 mil.‚
1347 2735 1446 2782 patr.
1477 2734 1516 2768 et
1544 2740 1624 2768 cos.
1656 2727 1756 2767 ord.¹

256 2797 463 2841 Diptychon
487 2798 694 2839 eburneum,
727 2807 806 2829 cum
828 2798 988 2839 imagine
1011 2798 1183 2839 consulis,
1211 2797 1296 2830 olim
1318 2798 1358 2829 in
1382 2796 1596 2828 monasterio
1622 2793 1843 2827 Comodolia-

145 2855 241 2886 censi
273 2855 312 2886 in
338 2854 472 2897 Gallia,
503 2863 599 2886 nunc
624 2863 715 2896 pars
741 2853 771 2886 4.
803 2857 905 2885 extat
928 2855 1078 2886 Parisiis
1111 2853 1217 2896 (Gari
1247 2854 1399 2886 thesaur.
1430 2851 1682 2894 diptychorum
1711 2851 1779 2883 tab.
1803 2851 1840 2891 2,

143 2910 211 2944 vol.
237 2910 255 2942 4
289 2920 327 2952 p.
350 2911 436 2951 429,·
467 2910 685 2943 Lenormant
712 2907 826 2942 tre'sor
854 2909 896 2941 de
924 2910 1040 2952 glypt.
1064 2910 1101 2942 II
1128 2911 1198 2944 tab.
1220 2910 1285 2950 42,·
1316 2906 1535 2942 Chabouillet
1563 2906 1748 2948 catalogue
1780 2905 1840 2939 des

146 2964 279 2998 carnc'es
303 2967 344 2998 de
370 2967 404 2999 la
428 2967 508 2999 bibl.
532 2968 616 3009 imp.
636 2977 673 3009 p.
696 2967 761 2999 560
784 2976 819 2998 n.
842 2966 965 3009 5262).
1013 2966 1192 3010 Diptyclta
1215 2967 1320 2998 liuius
1340 2965 1500 3007 generis,
1529 2964 1703 3005 inscripta
1727 2963 1840 2995 nomi-

143 3023 247 3055 nibus
276 3026 311 3055 et
333 3022 507 3066 pleraque
539 3025 668 3056 ornata
699 3022 916 3064 imaginibus
948 3022 1130 3054 consulum
1161 3022 1428 3054 ordinariorum
1456 3030 1547 3053 saec.
1576 3030 1611 3062 p.
1646 3018 1725 3052 Chr.
1751 3018 1789 3052 V
1806 3021 1843 3052 ot
