1968 3268
497 113 614 150 Tituli
635 113 895 160 imperatorum
917 113 1116 158 domusque
1138 111 1406 157 imperatoriae.
1729 109 1809 149 185

101 231 276 280 consul.,
313 231 501 284 praefect.
536 228 543 285 Ι
570 230 715 283 Libyae
745 242 790 270 ac
818 229 985 282 patricio
995 228 1023 277 ²,
1063 229 1285 268 universam
1316 228 1556 268 Maurusiam
1589 234 1772 281 gentem,
1804 225 1810 282 Ι

98 298 364 357 provi[dentia
383 296 575 353 eiusldem
596 297 920 338 aeminentissimi
947 297 1021 337 viri
1042 294 1245 352 Theflveste
1278 292 1443 352 [civitas]
1474 308 1495 336 a
1528 292 1813 352 [s]undament.

101 368 301 409 aedificata
330 367 418 407 est.³

223 434 387 468 Theveste
410 435 450 466 in
473 443 573 474 arcu,
597 434 761 465 extructo
785 434 826 465 in
845 433 1015 464 honorem
1033 431 1155 464 Severi
1178 434 1212 463 et
1233 430 1348 464 Iuliae
1362 430 1536 472 Bormiae,
1561 441 1630 474 quo
1654 431 1712 462 usi
1732 432 1818 463 sunt

101 502 189 526 aevo
212 491 395 535 Byzantio
428 499 507 523 cum
538 499 631 522 nova
659 490 803 522 moenia
831 488 961 529 fierent
991 488 1100 528 (VIII
1119 487 1224 528 4865,
1255 486 1303 527 cl'.
1327 487 1419 530 Eph.
1451 488 1566 530 epigr.
1588 489 1622 527 ὅ,
1645 487 1738 529 647).
1770 505 1815 511 -

103 551 137 590 1)
162 548 274 581 Initio
296 547 410 591 periit
440 548 585 589 signum
619 546 736 578 erucis
753 546 942 588 praemitti
967 544 1111 578 solitum
1134 544 1430 587 inscriptionibus
1452 545 1710 587 imperatorum
1732 543 1817 576 inde

101 617 123 638 a
147 605 361 638 Iustiniana.
384 622 430 628 —
454 604 489 644 2)
512 602 565 635 De
590 601 777 636 Solomone
802 600 848 641 cll
871 601 1023 644 Procop.
1050 601 1203 636 Vandal.
1226 602 1263 641 2,
1280 601 1423 635 40-45,
1439 601 1491 634 49.
1508 601 1579 642 20,·
1603 602 1740 633 occisus
1764 603 1817 633 est

101 673 134 696 a.
157 662 226 696 543
257 660 320 704 (ib.
342 661 378 703 2,
400 660 474 703 24).
507 677 552 684 —
582 659 615 700 3)
638 658 698 691 Ad
729 659 974 690 restitutiones
1011 659 1191 691 moenium
1224 659 1425 690 civitatium
1455 656 1718 697 Africanarum
1749 657 1813 689 sub

101 719 305 752 Iustiniano
334 718 496 760 spectant
519 717 710 758 praeterea
742 715 843 747 tituli
875 714 966 748 VIII
985 714 1058 748 404.
1082 715 1159 749 402.
1182 716 1261 748 259.
1284 714 1359 748 700.
1376 714 1476 748 4259.
1492 715 1592 748 2095.
1608 713 1702 748 4677.
1718 713 1814 747 4799.

100 775 200 809 8485.
216 775 316 808 8805.
350 773 441 816 Eph.
466 783 518 815 ep.
541 773 577 814 5,
591 772 666 813 799,
689 773 728 804 in
753 781 905 813 quorum
926 770 1109 814 plerisque
1131 773 1345 804 nominatur
1368 771 1462 804 idem
1485 771 1641 804 Solomo.

213 887 301 934 832
337 887 373 928 «Β
402 887 622 939 imperante
651 886 687 925 d.
720 899 760 925 n.
791 886 966 938 piissimo
997 898 1043 926 ac
1071 885 1299 938 triumphali
1336 898 1493 938 semper
1522 885 1741 926 Iustiniano
1771 898 1811 938 p.

101 959 156 1011 p.¹
186 959 298 1009 Aug„
328 967 420 995 ann.
450 953 697 1002 xxxvl111²‚
725 951 732 1007 Ι
758 953 899 994 Narses
927 954 987 993 vir
1016 954 1342 1006 gloriosissimus,
1378 967 1426 994 ex
1455 955 1682 1007 praeposito
1712 954 1815 994 sacri

101 1025 254 1078 palatii,
290 1035 336 1063 ex
368 1035 477 1063 cons.
504 1020 512 1075 Ι
538 1027 656 1073 atque
684 1022 891 1074 patricius,
930 1029 1021 1075 post
1053 1022 1254 1062 victoriam
1286 1022 1512 1071 Gothicam,
1549 1023 1646 1075 ipsis
1675 1033 1815 1062 eorum

101 1093 261 1146 regibus
287 1091 294 1145 Ι
318 1090 518 1132 celeritate
546 1089 715 1129 mirabili
745 1090 929 1130 conflictu
970 1089 1130 1143 publico
1168 1090 1362 1143 superatis
1400 1097 1519 1143 atque
1548 1089 1774 1143 prostratis,
1807 1086 1813 1142 Ι

46 1173 48 1175 ’
101 1161 281 1202 libertate
300 1159 410 1199 urbis
430 1159 578 1198 Romae
603 1170 648 1197 ac
669 1158 788 1198 totius
809 1158 940 1198 Italiae
965 1159 1156 1206 restituta,
1186 1164 1351 1210 pontem
1372 1159 1457 1199 viae
1478 1158 1647 1199 Salariae
1676 1155 1815 1213 uslque

100 1229 148 1269 ad
169 1240 309 1282 aquam
330 1239 351 1267 a
371 1226 650 1266 nefandissimo
671 1226 796 1266 Totila
817 1233 984 1279 tyranno
1006 1227 1253 1276 distructum,
1283 1234 1451 1279 purgato
1479 1227 1654 1267 fluminis
1675 1226 1783 1266 alveo
1807 1223 1814 1279 Ι

102 1299 141 1338 in
173 1297 378 1337 meliorem
406 1301 550 1335 statum
579 1306 696 1345 quam
728 1295 924 1347 quondam
957 1296 1097 1341 suerat,
1128 1296 1341 1335 renovavit.

405 1362 556 1409 ffQuam
588 1362 691 1401 bene
721 1363 874 1402 curbati
904 1363 1051 1403 directa
1082 1370 1141 1403 est
1170 1363 1307 1404 semita
1336 1363 1483 1416 pontis,

488 1436 603 1481 atque
632 1430 900 1482 interruptum
932 1432 1187 1471 continuatur
1215 1432 1312 1471 iterl

432 1497 634 1537 Calcamus
664 1498 816 1550 rapidas
846 1498 1013 1539 subiecti
1041 1500 1209 1551 gurgitis
1241 1500 1377 1548 undas,

489 1571 527 1604 et
555 1565 653 1604 libet
681 1567 800 1605 iratae
832 1579 996 1606 cernere
1026 1579 1206 1608 murmur
1234 1580 1372 1619 aquae.

366 1640 392 1672 5
431 1633 488 1672 Ite
518 1633 638 1684 igitur
667 1634 799 1674 faciles
828 1647 901 1686 per
930 1635 1068 1686 gaudia
1098 1642 1238 1684 vestra,
1270 1635 1454 1683 Quirites,

491 1708 528 1741 et
557 1701 709 1741 Narsim
740 1714 931 1742 resonans
962 1702 1121 1754 plausus
1152 1703 1298 1755 ubique
1327 1711 1454 1743 canat.

434 1769 510 1816 Qui
540 1769 669 1822 potuit
699 1769 842 1822 rigidas
872 1770 1088 1810 Gothorum
1119 1771 1288 1811 subdere
1318 1777 1483 1820 mentes,

486 1836 551 1876 hic
581 1837 715 1877 docuit
743 1838 886 1877 durum
916 1838 1077 1878 flumina
1109 1839 1212 1878 ferre
1242 1839 1391 1891 iugum.

217 1905 332 1947 Prope
346 1902 493 1936 Romam
516 1905 555 1936 in
569 1907 677 1947 ponte
694 1904 838 1938 Salaria
861 1915 969 1947 super·
983 1904 1157 1937 Anienem
1175 1908 1290 1938 strato
1308 1905 1328 1948 (
1326 1905 1363 1938 V
1359 1905 1380 1938 Ι
1392 1905 1476 1939 4499
1498 1916 1602 1948 saepe
1626 1905 1814 1947 descripta,

98 1963 259 2005 primum
282 1961 326 1993 ab
351 1963 499 1993 auctore
520 1960 682 2004 syllogae
705 1961 955 2002 Einsidlensis,
980 1961 1091 1994 donec
1110 1964 1222 2004 periit
1244 1973 1279 1996 a.
1295 1963 1408 2003 4798).
1432 1981 1478 1986 -
1504 1963 1536 2004 1)
1560 1963 1746 2004 Perpetuo.
1770 1979 1815 1984 —

105 2019 140 2060 2)
163 2017 207 2051 A.
230 2018 296 2050 565
316 2019 400 2059 post
423 2015 493 2050 kal.
514 2017 632 2059 April.
661 2017 760 2060 (ante
783 2019 989 2051 nuntiatam
1012 2021 1161 2051 mortem
1184 2018 1391 2061 Iustiniani,
1416 2020 1480 2062 qui
1503 2019 1652 2051 decessit
1674 2028 1715 2050 eo
1739 2019 1816 2060 ipso

105 2084 201 2107 anno
217 2073 251 2106 d.
266 2072 307 2105 44
323 2071 444 2116 Νου.).
461 2092 506 2097 -
525 2075 558 2115 3)
575 2074 641 2106 Hic
658 2084 796 2116 quoque
820 2085 842 2107 a
866 2074 1049 2107 nonnullis
1073 2076 1280 2108 auctoribus
1305 2076 1495 2108 eaeltibetur
1518 2077 1662 2117 signum
1687 2075 1815 2109 cmcct’s.

216 2186 304 2231 833
348 2186 415 2242 ffi„
447 2189 560 2229 salvis
594 2188 763 2228 dominis
799 2189 943 2229 nostris
968 2189 1276 2242 xristianissimis
1301 2188 1306 2244 Ι
1334 2196 1373 2229 et
1401 2190 1662 2230 invictissimis
1691 2190 1816 2242 impe-

104 2257 303 2297 ratoribus
328 2255 335 2310 Ι
361 2257 511 2297 Iustino
534 2262 572 2295 et
592 2257 694 2297 Sofia
715 2257 901 2306 Augustis
912 2258 935 2304 ¹,
965 2257 1066 2297 hanc
1087 2258 1346 2297 munitionem
1374 2256 1379 2311 Ι
1407 2257 1549 2298 Tomas
1571 2258 1817 2298 excellentis-

106 2325 230 2365 simus
258 2325 460 2377 prefectus
489 2324 655 2364 feliciter
684 2324 908 2364 aedificavit.

223 2389 426 2424 Thibursici
449 2391 544 2423 Bure
570 2390 787 2431 (Tebursuk)
810 2393 1020 2432 provinciae
1044 2388 1197 2429 Africae
1226 2390 1334 2433 (VIII
1354 2391 1438 2426 4454
1470 2392 1561 2425 vidit
1589 2391 1817 2431 Wilmanns).

105 2466 150 2473 ·—
178 2450 210 2490 1)
233 2449 275 2481 A.
298 2449 453 2491 565s578.

219 2547 305 2594 834
381 2546 580 2605 Χριστὸς
605 2542 827 2603 Ἰουστίνῳ
857 2545 1019 2604 Σο[φίῃ
1051 2543 1104 2589 θ’
1132 2542 1239 2604 ἆγνῇ
1266 2547 1524 2606 βασιλίσσῃ]

384 2617 598 2671 Τιβερίῳι
628 2611 688 2667 τ’,
721 2613 795 2658 ἐπὶ
827 2624 971 2658 τοῖσιν
1001 2611 1124 2673 ὁλ[ῆς
1150 2614 1318 2669 χθονὸς
1348 2615 1513 2673 ἔτραπε
1543 2616 1689 2673 κῦδος]

380 2685 528 2726 νεῦσεν
560 2678 809 2739 ἀναστῆσαι
838 2682 945 2726 τάδε
975 2680 1146 2740 [τείχεα,
1176 2682 1336 2735 κάλλος
1367 2680 1585 2741 ἄμετρον]

381 2752 547 2792 Obtullit
577 2753 742 2804 imperio
774 2753 993 2804 praefectus
1023 2782 1195 2793 ......

223 2818 265 2850 In
288 2818 466 2862 Byzacio,
497 2829 569 2851 non
594 2819 698 2860 longe
722 2829 743 2850 a
771 2819 848 2851 vico
872 2820 1053 2852 maritimo
1077 2819 1238 2860 M'ltares,
1263 2820 1326 2852 ubi
1348 2818 1505 2859 fortasse
1527 2818 1678 2858 fuerunt
1701 2818 1818 2851 Maco-

109 2873 229 2906 mades
250 2875 405 2907 minores
429 2874 536 2914 (VIII
555 2874 662 2907 40498
690 2876 807 2909 Te‘ssoc
830 2874 1017 2917 descripsit
1042 2876 1091 2909 ad
1113 2879 1303 2921 ectypum).
1354 2874 1555 2909 Versiculos
1582 2875 1733 2907 Graecos
1757 2885 1817 2906 ex-

107 2928 221 2970 plevit
239 2929 491 2965 Wilamowz‘tz.
517 2950 561 2955 —
587 2933 618 2971 1)
637 2930 861 2972 Inte-elegitur
882 2930 1043 2964 Tiberius
1061 2932 1322 2974 Constantinus,
1348 2932 1478 2965 Caesar·
1501 2943 1522 2964 a
1543 2932 1678 2964 Iustino
1703 2931 1819 2963 dictus

112 2994 144 3017 a.
167 2985 240 3018 574.
