1968 3268
174 167 259 206 472
927 166 1048 212 Caput
1068 167 1134 201 IX.

285 280 400 327 2346
442 283 478 322 (1.
511 295 561 321 m.
592 295 623 322 s.
651 281 658 332 Ι
682 281 764 320 Val.
795 281 966 321 Genialis
1002 281 1120 321 milex
1146 280 1152 334 Ι
1187 280 1354 333 legionis
1390 281 1564 321 secunde
1587 280 1875 334 [Divitensium

172 350 306 390 Italiee
318 351 344 398 ¹,
379 348 386 404 Ι
412 350 606 401 singnifer
635 359 733 402 (sic),
772 349 866 389 vixit
902 362 1030 389 annos
1059 348 1112 396 L,
1148 346 1155 402 Ι
1181 348 1357 388 militavit
1391 361 1519 389 annos
1554 348 1699 400 XXVI,
1731 350 1739 405 Ι
1771 352 1879 404 posit

171 418 315 458 Verina
344 418 446 457 bene
477 418 658 457 merenti.

288 484 418 517 Romae
443 483 514 526 (VI
533 483 623 518 5657
646 484 738 516 vidit
760 483 931 527 Henzen).
954 502 999 507 —
1025 484 1057 526 1)
1080 482 1319 516 Divitensium
1350 482 1485 516 dicitur
1515 483 1608 526 legio
1630 485 1786 519 secunda
1806 485 1879 519 lta—

174 541 244 574 lioa
271 542 379 573 etiam
402 542 442 572 in
467 541 571 573 titulo
595 539 778 583 Spoletino
797 540 901 574 Orell.
923 539 1025 574 5394.
1065 539 1161 578 Idem
1177 549 1354 582 agnomen
1369 541 1551 582 reperitur
1574 539 1697 574 datum
1719 544 1877 575 numeris

171 597 356 630 nonnullis
380 599 496 629 aetate
520 597 664 630 labente.

284 697 399 743 2347
443 729 452 739 .
485 729 494 738 .
526 729 535 738 .
563 698 569 753 Ι
597 699 733 738 militia
762 699 837 751 leg.
869 699 995 751 princ.
1027 698 1112 751 sig-¹
1152 699 1339 751 explevit,
1374 698 1380 753 Ι
1414 701 1582 740 honeste
1619 699 1727 741 miss.
1764 701 1877 742 vicsit

172 768 320 808 electus
350 767 391 806 ss.
422 780 488 819 pp.
517 768 523 817 Ι
550 767 590 806 in
621 766 815 806 civitatem
845 780 935 814 sua,
974 779 1093 807 omne
1124 767 1231 807 cultu
1266 766 1272 822 Ι
1306 768 1486 820 eorporis
1519 780 1710 821 perquam
1749 768 1878 809 nitore

175 834 180 889 Ι
214 841 272 875 est
301 848 410 884 usus,
448 835 563 875 annis
593 847 712 886 super
743 834 810 874 LX
838 847 960 887 agens
986 833 991 888 Ι
1017 835 1239 874 faciendum
1271 835 1346 875 sibi
1384 836 1478 875 dum
1513 836 1660 876 viveret
1693 835 1700 889 Ι
1737 866 1748 876 .
1779 866 1789 875 .
1822 865 1832 876 .
1866 866 1875 875 .

286 902 328 934 1η
352 901 525 934 Numidia
551 902 626 934 loco
652 901 746 934 dicto
770 901 818 934 El
839 901 988 934 Madlzer
1013 901 1122 944 (VIII
1139 902 1234 935 4555
1265 901 1358 933 vidit
1383 901 1613 946 Wilmanm).
1645 921 1691 926 —
1717 904 1748 945 1)
1773 902 1879 936 Vide-

172 960 232 990 tur
255 957 530 1000 intellegendum
555 969 647 990 esse.-
670 957 839 990 militiam
863 957 1101 999 legionariam
1120 957 1350 1000 principalis,
1379 956 1536 1000 signifer
1567 957 1655 999 (Mo.
1677 960 1755 1002 eph.
1780 969 1834 1002 ep.
1855 961 1877 993 4

171 1025 208 1057 p.
230 1016 303 1048 258
326 1017 398 1047 not.
422 1015 475 1058 5).

287 1115 405 1162 2348
448 1118 485 1156 (1.
517 1129 567 1157 m.
589 1131 619 1157 s.
647 1116 652 1171 Ι
681 1117 853 1169 Longini
873 1117 1039 1156 Victoris
1069 1123 1143 1156 vet.
1171 1116 1178 1168 Ι
1204 1118 1301 1168 Aug.
1335 1129 1374 1155 n.
1407 1117 1473 1168 qui
1502 1117 1596 1157 vixit
1625 1130 1718 1157 ann.
1739 1117 1878 1157 XXXV

173 1185 257 1224 dies
283 1182 289 1237 Ι
315 1184 418 1233 XIII,
440 1185 519 1224 mil.
542 1197 635 1224 ann.
657 1184 793 1232 XVIII,
815 1184 1029 1236 duplarius,
1056 1182 1063 1237 Ι
1090 1184 1218 1223 aiutor
1237 1184 1478 1235 signorum¹,
1501 1191 1616 1224 natus
1637 1184 1878 1237 Panlnoniae

173 1253 416 1304 superiorae,
447 1253 540 1292 feeit
566 1254 571 1303 Ι
598 1253 818 1304 Longinius
848 1252 1053 1304 Euprepes
1083 1251 1247 1291 libertus
1273 1251 1279 1303 Ι
1305 1258 1473 1303 patrono
1503 1253 1798 1302 benemerenti,
1838 1259 1878 1294 et

170 1317 333 1374 lilbertis
362 1319 617 1371 libertabusq.
649 1320 857 1372 posterisq.
893 1318 899 1373 Ι
933 1332 1094 1367 eorum,
1135 1332 1185 1359 ne
1217 1319 1265 1358 de
1303 1320 1466 1359 nomine
1497 1319 1667 1375 eorum}
1703 1327 1826 1360 exeat.
1868 1320 1874 1375 Ι

173 1387 222 1426 Η.
254 1400 306 1426 m.
338 1388 375 1426 h.
409 1401 447 1427 n.
479 1394 669 1439 sequetur
698 1411 753 1416 --
780 1389 786 1437 Ι
811 1388 896 1427 sine
927 1387 1016 1426 dolo
1048 1387 1150 1426 malo
1181 1410 1236 1416 —
1266 1387 1476 1427 exterum?

287 1453 428 1495 Romae,
457 1464 553 1486 nuno
575 1454 821 1496 fragmentum
847 1452 1045 1486 Cusercolis
1078 1452 1149 1496 (VI
1167 1454 1256 1487 5472
1289 1455 1343 1485 tet·
1373 1454 1551 1496 descripta
1581 1464 1673 1488 sace.
1696 1453 1809 1498 XVI).
1832 1473 1879 1479 —

173 1511 205 1553 1)
237 1509 499 1551 Legionarium
522 1509 634 1550 fuisse
668 1512 762 1543 hune
785 1510 986 1543 adiutorem
1017 1511 1203 1551 signorum
1227 1511 1373 1542 minime
1405 1512 1555 1543 constat.
1603 1509 1783 1553 Signiferi
1806 1510 1880 1555 (vel

169 1565 342 1609 signifer)
369 1566 515 1599 adiutor
538 1567 637 1599 miles
656 1568 912 1609 praetorianus
936 1566 1078 1598 videtur
1102 1577 1174 1597 esse
1192 1565 1284 1599 Ball.
1302 1576 1389 1599 com.
1408 1566 1494 1599 4887
1514 1577 1549 1609 p.
1567 1567 1647 1602 258.
1689 1565 1743 1606 Cf.
1768 1569 1876 1600 eliam

170 1622 273 1662 infra
297 1622 341 1656 N.
365 1623 465 1655 2415.
495 1642 539 1647 —
576 1624 606 1665 1)
635 1622 795 1655 Exterum
823 1622 1034 1654 vocabulum
1058 1622 1212 1664 videtur,
1234 1625 1360 1664 postea
1385 1623 1622 1665 adscriptum,
1654 1623 1877 1666 iungendum

174 1689 251 1711 cum
277 1679 309 1712 h.
336 1679 529 1722 (heredem)
556 1679 652 1722 quod
672 1679 867 1721 praeeedit.

284 1780 398 1826 2349
441 1783 479 1821 in
521 1782 558 1821 h.
598 1783 635 1821 (1.
675 1782 727 1821 d.¹
770 1782 894 1821 Genio
935 1781 1123 1820 vexillar.²
1157 1780 1227 1831 etl
1265 1781 1471 1832 imaginis„
1511 1781 1691 1821 Attianus
1727 1781 1876 1822 Coresi.

168 1850 280 1898 vex.³‚
307 1849 314 1902 Ι
342 1849 568 1889 Fortionius
598 1848 875 1905 Constitutus}
902 1849 1047 1901 imag.⁴,
1077 1849 1232 1900 signum
1263 1860 1352 1887 cum
1383 1848 1505 1888 ediola
1531 1847 1538 1901 Ι
1565 1854 1604 1888 et
1641 1847 1734 1888 tabl.
1771 1861 1875 1889 mar-

169 1930 343 1957 moream
375 1918 411 1956 d.
444 1917 480 1956 d.
513 1918 573 1956 D.⁵
599 1916 605 1970 Ι
632 1917 726 1969 imp.
759 1918 795 1956 d.
828 1929 867 1956 n.
920 1917 1118 1956 Gordiano
1149 1916 1247 1967 Aug.
1280 1922 1319 1955 et
1349 1915 1479 1955 Aviola
1508 1914 1606 1956 eos.⁶

284 1984 396 2025 Prope
420 1982 595 2016 Neuwied
617 1994 691 2026 rep.
717 1982 934 2025 (Brambaclz
957 1983 1024 2016 695
1029 1995 1042 2023 ;
1075 1981 1121 2021 cf.
1146 1982 1310 2014 Huebner
1334 1992 1389 2014 em.
1413 1991 1482 2015 ser.
1513 1992 1564 2024 ep.
1587 1982 1682 2025 656).
1707 1999 1748 2005 —
1778 1981 1810 2024 1)
1833 1982 1875 2015 In

169 2040 338 2072 honorem
363 2039 487 2071 domus
511 2039 663 2072 divinae.
687 2057 733 2063 —
757 2040 790 2077 2)
815 2038 1108 2072 Veoeillariorum.
1134 2057 1178 2062 —-
1207 2039 1239 2079 3)
1267 2038 1498 2071 Vexillarius.
1522 2041 1570 2062 —'
1590 2040 1625 2080 4)
1649 2037 1875 2081 Imaginifor.

168 2114 213 2119 —
239 2096 271 2137 5)
294 2095 515 2127 Dedicatum.
541 2114 584 2118 —
610 2096 642 2137 6)
667 2095 710 2129 A.
734 2095 815 2128 259.

280 2195 395 2243 2350
438 2198 477 2237 in
509 2198 548 2237 h.
579 2198 616 2237 (1.
648 2198 700 2237 (1.1
738 2211 811 2250 pro
838 2198 844 2253 Ι
878 2199 1002 2238 salute
1040 2198 1133 2250 imp.
1165 2197 1297 2237 Severi
1334 2195 1341 2251 Ι
1375 2197 1598 2237 Alexandiri
1637 2202 1721 2246 (sic)
1759 2199 1873 2251 Aug„

169 2267 243 2306 deo
273 2265 279 2319 Ι
306 2265 478 2317 Apollini
508 2265 661 2318 Dyspro
693 2266 763 2305 lu.²
793 2264 924 2320 Sloliq.
956 2266 1033 2305 de.³
1062 2266 1204 2306 milites
1234 2266 1308 2317 leg.
1336 2263 1342 2317 Ι
1367 2264 1471 2304 XXX
1503 2264 1548 2305 U.
1577 2277 1612 2304 ν.
1643 2277 1683 2317 p.
1714 2265 1769 2314 f.⁴,
1799 2265 1873 2306 sub

170 2346 263 2373 cura
289 2333 295 2387 Ι
323 2339 452 2384 agent.
484 2333 528 2372 Τ.
555 2333 596 2372 F.
629 2334 723 2386 Apri
746 2331 1025 2388 Comlmodiani
1055 2335 1129 2385 leg.
1161 2335 1259 2385 Aug.
1291 2346 1330 2385 p.
1361 2345 1399 2384 p.
1422 2338 1460 2372 et
1487 2331 1492 2385 Ι
1520 2332 1687 2372 Cannuti
1706 2331 1872 2372 Modesti

166 2401 242 2453 leg.
270 2399 275 2454 Ι
302 2401 407 2451 leg.⁵‚
440 2401 547 2453 Sept.
580 2401 753 2442 Mucatra
780 2404 785 2452 Ι
812 2400 943 2453 imag!
978 2408 1016 2441 et
1047 2402 1154 2453 Sept.
1186 2401 1314 2441 Callus
1340 2400 1346 2453 Ι
1373 2407 1413 2440 et
1442 2401 1550 2452 Sept.
1580 2399 1755 2439 Mucatra
1792 2406 1832 2439 et
1861 2398 1868 2453 Ι

167 2468 275 2519 Sept.
308 2468 485 2519 Deospor
514 2475 553 2508 et
583 2470 691 2521 Sept.
718 2467 725 2523 Ι
753 2469 932 2509 Sammus
962 2475 1001 2509 et
1031 2469 1139 2521 Sept.
1170 2469 1343 2508 Mueatra
1370 2466 1376 2521 Ι
1402 2467 1621 2508 candidati⁷
1648 2479 1684 2507 v.
1704 2479 1735 2507 s.
1756 2467 1782 2506 1.
1803 2479 1871 2517 m.‚

170 2534 176 2590 Ι
209 2535 376 2573 Maximo
408 2535 448 2573 it.
480 2542 518 2574 et
548 2536 709 2576 Aeliano
740 2537 836 2576 608.Β

283 2602 397 2643 Prope
416 2600 563 2633 Cliniam
588 2613 673 2644 rep„
700 2606 750 2634 est
766 2603 913 2635 Bonnae
938 2602 1153 2646 (Bt-ambaclz
1168 2601 1252 2642 4545
1276 2599 1322 2640 cf.
1348 2601 1512 2633 Huebner
1535 2611 1591 2633 em.
1607 2611 1675 2634 scr.
1700 2610 1751 2643 ep.
1774 2601 1873 2643 628).

167 2676 211 2681 —
239 2658 271 2698 1)
294 2657 336 2689 In
360 2657 528 2689 honorem
545 2657 669 2689 domus
694 2658 849 2691 divinae.
868 2677 909 2682 —
937 2660 968 2700 2)
986 2658 1068 2690 Non
1084 2657 1316 2699 intellegitur.
1357 2656 1483 2689 Subest
1504 2654 1660 2695 fortasse
1676 2666 1871 2699 cognomen

166 2713 348 2756 Apollinis
376 2711 597 2745 Thracicum.
644 2713 697 2744 De
722 2713 785 2745 deo
802 2714 939 2746 Dusari
963 2712 1027 2754 (cf.
1047 2713 1080 2748 C.
1097 2713 1246 2757 X1556)
1273 2714 1445 2754 cogitavit
1469 2712 1669 2746 Mommsen.
1711 2712 1771 2746 Lu.
1795 2712 1872 2746 noli

166 2770 403 2812 interpretari
426 2768 468 2800 de
493 2767 596 2800 Luna
628 2769 703 2802 dea.
728 2787 774 2793 —
806 2770 839 2809 3)
870 2769 955 2801 Deis
969 2772 1015 2811 (?)
1045 2788 1091 2793 —
1114 2770 1148 2810 4)
1173 2768 1305 2802 Milites
1338 2769 1488 2810 legionis
1519 2769 1720 2801 tricesimae
1745 2767 1870 2811 Ulpiae

166 2827 328 2858 victricis
356 2826 439 2867 piae
461 2824 588 2864 fidelis.
611 2842 657 2848 -—
687 2826 720 2866 5)
745 2824 873 2866 Legati
904 2825 1063 2866 legionis.
1089 2844 1133 2850 —
1159 2826 1192 2867 6)
1217 2823 1439 2867 Imaginil'er.
1463 2843 1508 2849 ——
1532 2827 1568 2864 7)
1590 2825 1644 2857 De
1667 2824 1870 2857 candidatis

167 2882 206 2913 in
229 2892 268 2913 re
284 2881 438 2913 militari
461 2879 508 2919 cf.
526 2879 718 2912 Mommsen
742 2881 818 2923 eplz.
843 2891 895 2922 ep.
912 2882 932 2913 4
950 2891 988 2922 p.
1003 2882 1074 2914 552
1099 2883 1171 2914 not.
1195 2882 1240 2921 2,·
1265 2881 1528 2914 Domaszewski
1550 2881 1647 2914 arch.
1672 2890 1725 2922 φ.
1748 2878 1867 2912 Mina.

169 2947 233 2968 aus
259 2937 406 2970 Oesterr.
430 2936 471 2969 40
497 2935 613 2978 (4886)
641 2946 678 2978 p.
703 2937 762 2970 25.
786 2955 830 2960 -
855 2937 888 2979 8)
912 2937 956 2969 A.
979 2937 1061 2970 225.
