1968 3268
183 159 265 198 452
929 161 1050 206 Caput
1071 161 1135 197 IX.
1148 153 1153 159 ’

296 275 339 307 In
358 274 517 317 Samnio,
539 284 613 307 non
630 274 734 316 longe
750 284 772 307 a
788 273 950 307 Boviano
967 276 1095 314 vetere,
1114 284 1230 318 prope
1248 275 1357 309 Vasto
1377 274 1525 308 Girardi
1549 275 1588 314 (I
1603 274 1703 310 1278.
1735 275 1789 311 IX
1797 276 1884 312 2770

181 331 274 364 vidit
297 331 469 375 Dressel).
512 349 557 355 -—
600 331 631 371 1)
666 330 710 376 In
742 330 860 372 lapide
891 328 967 369 fuit
995 329 1086 372 pilus
1111 330 1185 374 (vel
1206 330 1362 365 hastatus
1385 332 1441 364 vel
1462 331 1638 376 princepe)
1663 331 1791 376 primus
1815 332 1887 377 (vel

185 388 352 431 septimus
378 388 433 420 vel
456 386 639 430 decimus).

297 477 410 523 2235
456 478 506 518 Μ.
531 478 646 518 Albio
676 479 727 519 M.
759 479 785 517 s.
809 478 889 518 Ste.
920 478 995 531 leg.
1022 478 1028 534 Ι
1056 478 1193 528 ΧΧΧῑ,
1224 479 1426 531 signifero,
1454 479 1461 533 Ι
1486 479 1622 520 Albine
1650 480 1702 521 M.
1730 480 1757 521 l.
1780 480 1886 521 Hila-

185 558 263 594 rae,
291 544 298 599 Ι
325 546 470 585 Curtiai
500 546 543 586 P.
574 547 599 586 1.
634 546 776 595 Chilae,
805 544 810 599 Ι
837 546 1130 598 Epaphroditus
1155 553 1201 587 et
1230 547 1343 587 Celer
1368 545 1375 601 Ι
1400 547 1532 587 liberti
1561 548 1589 588 f.
1619 560 1653 588 c.

295 613 489 646 Beneventi
515 613 584 653 (ῙΧ
602 613 691 647 1605
713 613 807 646 vidit
822 613 994 657 Dressel).
1019 633 1065 638 -
1099 615 1131 656 1)
1155 613 1324 656 Legionis
1349 615 1545 647 tricesimae
1567 614 1698 647 milites
1721 614 1888 648 deductos

183 680 255 701 esse
286 669 526 702 Beneventum
562 670 698 712 lapides
730 670 926 703 multorum
956 670 1110 703 militum
1143 672 1219 703 eius
1253 670 1404 713 legionis
1435 671 1486 704 ibi
1515 672 1650 714 reperti
1678 668 1743 714 (cfi
1777 669 1813 706 G.
1837 670 1889 704 IX

180 736 219 768 p.
237 725 318 768 157)
337 726 472 759 docent.
503 725 658 758 Factum
674 726 715 759 id
732 729 784 759 est
798 728 874 759 sine
899 726 1007 759 dubio
1032 728 1250 769 temporibus
1274 718 1571 761 triumviralibus.
1618 726 1733 767 (Inoer
1754 727 1889 770 oppida

182 782 310 815 Italiae
342 792 437 814 anno
461 781 527 814 712
551 783 726 815 militibus
751 783 931 815 destinata
955 782 1196 815 Beneventum
1220 786 1407 816 enumerat
1423 784 1612 827 Appianas
1635 784 1667 818 b.
1690 785 1757 817 civ.
1779 784 1812 824 4,
1833 783 1889 827 5).

182 839 371 871 Praeterea
398 849 437 871 eo
463 838 608 871 deducti
630 842 717 871 sunt
739 841 847 872 etiam
870 840 999 872 milites
1022 850 1068 872 em
1092 839 1233 880 legione
1255 843 1357 873 seoeta
1372 840 1541 874 Fen-ata.
1580 840 1729 873 omnino
1749 839 1889 874 diversa

184 897 237 926 est
258 894 352 936 legio
378 896 558 927 tricesima
586 895 689 938 Ulpia
715 898 918 938 conscripta
943 907 965 928 a
993 895 1162 929 Traiano.

297 994 414 1042 2236
460 997 500 1037 C.
531 997 607 1037 Titi
639 998 679 1037 C.
711 999 736 1037 f.
769 995 914 1054 R0[m.]
941 996 948 1052 Ι
975 999 1119 1050 Magni,
1149 999 1224 1051 leg.
1256 999 1287 1038 V
1313 1000 1320 1053 Ι
1346 999 1450 1040 urb.¹
1481 999 1657 1052 signifer.

299 1064 413 1106 Prope
436 1064 554 1096 Ateste
584 1075 656 1107 rep.
684 1063 735 1107 (V
756 1065 845 1098 2514
869 1065 961 1097 vidit
990 1065 1213 1106 Mommsen).
1237 1085 1282 1089 —
1308 1066 1340 1106 1)
1371 1066 1541 1099 Eiusdem
1573 1067 1722 1108 legionis
1745 1067 1890 1109 quintae

185 1121 346 1152 urbanae
383 1120 483 1152 miles
520 1123 740 1153 memoratur
779 1123 818 1153 in
857 1121 961 1154 titulo
1002 1123 1087 1153 item
1122 1121 1286 1154 Atestino
1331 1122 1369 1155 V
1395 1123 1503 1165 2518,
1542 1124 1672 1155 tertius
1705 1123 1746 1155 in
1784 1122 1889 1155 titulo

187 1178 250 1219 qui
278 1179 312 1208 et
338 1178 413 1219 ipse
442 1176 584 1209 videtur
617 1178 702 1210 olim
732 1178 852 1210 Ateste
881 1179 1018 1210 stetisse
1043 1177 1075 1211 V
1097 1178 1198 1211 2515.
1244 1178 1414 1211 Eiusdem
1437 1178 1606 1211 videntur
1627 1177 1738 1218 fuisse
1761 1178 1891 1211 milites

190 1233 259 1266 duo
286 1233 437 1274 legionis
463 1235 608 1275 quintae
631 1233 753 1266 Ateste
776 1234 909 1276 sepulti
935 1234 973 1267 V
981 1235 1083 1267 2508.
1108 1234 1207 1274 2510,
1240 1236 1403 1276 quamvis
1425 1235 1587 1267 urbanae
1608 1234 1819 1268 vocabulum
1842 1234 1892 1267 ad

191 1298 382 1321 numerum
416 1290 566 1330 legionis
598 1300 670 1322 non
702 1290 980 1332 adscripserunt.
1026 1290 1189 1333 Apparet
1218 1290 1411 1333 aliquando
1442 1289 1574 1322 milites
1604 1300 1650 1322 eoe
1679 1301 1721 1323 ea
1752 1291 1890 1333 legione

189 1346 308 1378 Ateste
341 1345 508 1378 deductos
532 1356 614 1378 esse.
660 1346 814 1379 Factum
837 1345 878 1378 id
900 1356 972 1379 esse
996 1347 1137 1379 videtur
1158 1349 1239 1389 post
1259 1346 1387 1379 bellum
1411 1346 1616 1389 Actiacum,
1641 1356 1709 1389 quo
1735 1349 1891 1390 tempore

195 1412 235 1434 eo
260 1401 403 1434 deducti
424 1404 508 1434 sunt
530 1403 638 1434 etiam
663 1402 766 1434 multi
788 1402 920 1435 milites
945 1403 1095 1444 legionis
1118 1403 1325 1436 undecimae
1350 1400 1414 1445 (efl
1440 1401 1490 1434 ad
1509 1401 1555 1436 N.
1579 1402 1708 1446 2243).

306 1503 421 1550 2237
464 1505 508 1545 T.
540 1505 770 1568 Campusius
800 1506 840 1546 C.
873 1506 899 1545 s.
932 1507 1015 1546 Ser.
1043 1504 1050 1559 Ι
1075 1512 1259 1546 vetranus
1288 1505 1337 1546 de
1366 1505 1522 1558 legione
1548 1503 1556 1560 Ι
1581 1505 1612 1545 V
1637 1506 1768 1547 Galica
1789 1510 1890 1556 (sic).

304 1581 419 1628 2238
461 1584 505 1623 T.
538 1584 739 1624 Cissonius
770 1584 817 1630 Q.
849 1585 875 1624 f.
906 1584 990 1624 Ser.
1022 1590 1095 1624 vet.
1123 1583 1129 1638 Ι
1156 1585 1230 1637 leg.
1261 1584 1292 1623 V
1323 1584 1419 1624 Gall.

599 1652 701 1691 Dum
731 1652 819 1700 vixi,
847 1651 853 1705 Ι
880 1652 962 1691 bibi
992 1652 1182 1701 libentem
1213 1651 1333 1692 bibite
1363 1665 1432 1692 vos
1458 1651 1464 1704 Ι
1491 1652 1557 1704 qui
1585 1651 1723 1692 vivitis.

463 1718 506 1757 P.
538 1718 739 1759 Cissonius
769 1719 817 1766 Q.
848 1720 874 1759 f.
907 1720 992 1759 Ser.
1023 1720 1144 1759 frater
1169 1721 1176 1771 Ι
1203 1719 1306 1761 fecit.

303 1795 516 1827 Antiochiae
548 1795 708 1828 Pisidiae
738 1796 811 1836 (III
839 1796 875 1831 S.
904 1797 993 1830 6824
1025 1797 1136 1831 deser.
1170 1796 1339 1838 Sterrett,
1369 1797 1458 1830 6825
1491 1795 1602 1830 deser.
1631 1794 1816 1840 Ramsay).
1844 1813 1890 1822 ·—-

195 1850 304 1883 Tituli
329 1852 367 1883 Izi
391 1861 470 1883 cum
494 1852 599 1884 tertio
624 1852 682 1884 III
702 1852 737 1886 S.
753 1853 844 1886 6828
868 1853 995 1886 docent
1015 1853 1147 1886 milites
1170 1863 1188 1884 e
1212 1853 1349 1894 legione
1365 1854 1490 1895 quinta
1509 1851 1647 1886 Gallica
1661 1851 1891 1886 Antiochiam

194 1907 358 1939 deductos
389 1918 469 1940 esse.
531 1907 722 1949 Legionem
753 1909 898 1941 eandem
929 1920 1016 1951 esse,
1049 1920 1140 1951 quae
1174 1909 1262 1942 alibi
1298 1909 1500 1952 appellatur
1529 1907 1710 1949 Alaudae,
1742 1909 1895 1941 coniecit

191 1962 343 1995 Henzen.
392 1963 575 1996 Coloniam
598 1963 794 1997 Romanam
817 1966 1047 1998 Antiochiam
1077 1965 1265 1998 deductam
1293 1976 1365 1998 esse
1388 1967 1542 1998 testatur
1564 1964 1695 1998 Strabo
1717 1964 1773 2008 12,
1795 1966 1830 2007 8,
1851 1964 1893 1997 14

186 2029 224 2061 p.
247 2018 312 2051 577
337 2018 383 2057 ef.
408 2019 500 2052 Plin.
524 2021 556 2052 lz.
580 2030 614 2054 n.
638 2022 672 2063 5,
694 2023 738 2054 94
756 2015 795 2054 'et
816 2023 953 2054 nummi
977 2032 1032 2064 ap.
1056 2021 1190 2054 Eckliel
1209 2022 1245 2061 ¹5,
1269 2021 1322 2054 18.

304 2108 419 2154 2239
464 2111 505 2151 C.
539 2111 747 2152 Cabilenus
778 2112 819 2152 C.
851 2113 876 2151 f.
907 2113 987 2152 Fal.
1015 2110 1021 2166 Ι
1048 2113 1180 2153 Gallus
1208 2112 1283 2164 leg.
1316 2112 1402 2152 VIII
1431 2111 1691 2153 Mutinensis-¹

309 2176 421 2210 Teani
445 2177 495 2220 (X
515 2177 599 2211 4786
623 2179 812 2221 aliquoties
836 2180 1014 2222 descm‘pta
1037 2189 1127 2212 saec.
1151 2178 1300 2222 XVIII).
1324 2197 1367 2202 -
1405 2180 1433 2222 1)
1458 2178 1631 2221 Legiones
1653 2181 1780 2211 octava
1804 2178 1891 2210 haec

192 2232 421 2274 Mutinensis,
451 2244 547 2266 nona
579 2235 806 2278 triumphalis
840 2235 900 2278 (Ν.
930 2235 1056 2277 2240),
1086 2235 1221 2268 decima
1254 2235 1407 2269 Veneria
1437 2234 1499 2275 (Ν.
1529 2234 1654 2279 2241),
1683 2233 1890 2268 duodecima

188 2292 342 2331 paterna
370 2289 431 2332 (Ν.
455 2291 587 2334 2242),
610 2294 648 2323 in
672 2292 827 2333 singulis
851 2295 988 2324 tantum
1013 2292 1127 2324 titulis
1152 2294 1406 2324 memorantur.

304 2378 424 2425 2240
467 2382 510 2422 L.
542 2382 728 2423 Vinusius
754 2381 760 2436 Ι
786 2383 830 2422 L.
862 2383 887 2422 f.
918 2388 1037 2423 veter.
1066 2381 1073 2436 Ι
1100 2383 1174 2434 leg.
1198 2355 1301 2421 VIIII
1327 2380 1334 2434 Ι
1359 2381 1575 2434 triumph.¹‚
1602 2379 1609 2433 Ι
1635 2379 1858 2433 Septumiae
1881 2378 1887 2434 Ι

193 2448 250 2506 P„
267 2449 293 2486 f.
326 2448 495 2488 Sabinae
521 2447 527 2502 Ι
555 2451 679 2499 uxori,
706 2450 713 2503 Ι
739 2450 923 2491 Vinusiae
953 2447 1165 2503 Tertulllae
1194 2450 1220 2488 f.
1252 2445 1430 2504 ann0[r.]
1458 2447 1465 2502 Ι
1489 2448 1525 2487 Χ
1555 2477 1564 2486 .
1597 2469 1619 2486 .-
1640 2477 1649 2486 .

306 2525 349 2557 In
374 2526 511 2559 Histria
535 2538 609 2570 rep.
633 2538 743 2570 prope
768 2530 885 2561 vicum
910 2527 1102 2567 Visinada,
1136 2530 1188 2559 est
1211 2526 1370 2560 Venetiis
1394 2526 1441 2569 (V
1465 2526 1532 2561 397
1555 2525 1647 2558 vidit
1670 2523 1891 2567 Mommsen).

196 2600 241 2605 —
268 2582 300 2622 1)
326 2581 377 2620 Cf.
402 2581 447 2614 N.
471 2584 564 2616 2259
588 2587 661 2616 not.
685 2584 716 2616 1.

307 2681 420 2728 2241
467 2684 507 2724 C.
539 2685 686 2725 Lanius
721 2685 727 2738 Ι
767 2686 807 2725 C.
839 2688 865 2725 f.
897 2687 1014 2735 Ani.¹,
1046 2687 1094 2726 de
1120 2685 1126 2738 Ι
1152 2686 1226 2738 leg.
1257 2685 1292 2724 X
1311 2684 1482 2732 Vener.²‚
1508 2683 1515 2738 Ι
1540 2684 1585 2724 L.
1617 2684 1762 2724 Lanius
1792 2681 1834 2722 G.
1863 2682 1890 2721 l.

193 2755 276 2799 (sic)
304 2750 310 2805 Ι
337 2751 437 2791 Eros
466 2751 592 2791 filius-‘¹
618 2749 624 2805 Ι
652 2754 698 2791 de
729 2765 799 2792 suo
827 2752 833 2806 Ι
861 2783 1082 2801 ......

306 2818 480 2859 Bagnoli,
514 2828 610 2850 nune
633 2818 784 2851 Bria-iae
810 2818 863 2860 (V
881 2820 963 2852 4191
993 2820 1087 2852 vidit
1109 2818 1328 2862 Mommsen).
1352 2837 1396 2842 -
1428 2819 1460 2860 1)
1492 2816 1637 2861 (Tribu)
1661 2816 1822 2850 Aniensi.
1846 2833 1890 2839 -—

194 2873 227 2914 2)
253 2873 305 2912 Cf:
330 2874 374 2907 N.
398 2875 492 2908 2242
517 2877 590 2908 not.
614 2874 644 2908 ’1.
672 2891 715 2899 ·—-
740 2875 775 2914 3)
799 2874 970 2907 Fortasse
993 2875 1091 2915 filius
1115 2875 1295 2908 naturalis
1311 2875 1464 2917 patroni
1489 2873 1605 2917 (Mo).

306 2972 422 3018 2242
468 3005 476 3013 .
510 3004 519 3013 .
553 3005 561 3013 .
593 2975 724 3014 Tertia
750 2973 756 3028 Ι
783 2971 929 3030 [uoeo]r.
957 2973 963 3028 Ι
990 2975 1033 3014 L.
1067 2975 1257 3016 Vettidius
1288 2975 1329 3015 C.
1359 2975 1384 3014 f.
1413 2974 1419 3027 Ι
1451 2979 1658 3013 veteranus
1687 2971 1761 3023 leg.
1791 2968 1893 3024 ΧΙΙΙ

193 3043 415 3090 paternae¹‚
446 3042 583 3090 sexvir‚
614 3043 698 3081 aed.
