1968 3268
426 105 544 142 Tituli
565 105 724 142 virorum
746 107 785 141 et
805 103 998 141 mulierum
1021 103 1158 140 ordinis
1181 102 1368 140 senatorii.
1673 100 1754 140 267

42 223 233 266 praetma
255 221 320 253 vix
341 221 579 252 mernor-atum
602 217 775 262 (tortam
797 218 896 261 apud
922 217 1108 251 Zosimam
1129 217 1161 258 7,
1183 217 1248 260 9);
1270 214 1317 256 ct!
1342 215 1412 249 Mo.
1436 215 1461 250 1.
1484 226 1515 250 c.
1541 225 1579 258 p.
1600 216 1681 250 509.
1710 234 1756 240 —-

48 279 84 320 4)
108 277 206 311 Idm
226 285 357 310 nunus
378 275 476 318 quod
497 275 587 309 alibi
609 275 743 308 dicitur
764 275 896 307 vicarii
916 274 1018 306 urbis
1039 271 1182 307 Romae.
1198 291 1244 298 -—
1265 274 1300 316 5)
1321 273 1503 306 Dioeeesis
1526 271 1755 311 Moesiarum,

49 336 137 368 nota
159 335 268 366 etiam
282 343 331 366 σω
345 332 518 365 laterculo
540 333 811 374 provinciarum
829 330 1036 371 Ver-ommi,
1053 333 1183 374 postea
1195 329 1312 363 divisa
1327 331 1369 363 in
1385 329 1486 369 duas,
1508 328 1756 363 Macedoniam

49 393 85 423 el
98 390 251 424 Daciam
266 388 354 432 (Mo.
377 388 400 422 l.
418 398 446 422 c.
469 399 504 431 p.
520 388 615 432 546).
639 407 684 412 —
707 389 741 427 6)
764 387 1062 421 Examinatorem
1084 386 1320 420 Manen-smus
1340 397 1381 420 re
1403 397 1477 420 non
1499 386 1628 428 differe
1648 389 1757 430 putat

50 448 95 480 ab
118 449 287 480 exactore
309 447 393 479 anu-i
414 449 448 478 el
470 447 615 488 argenti
635 447 829 477 mernor-ato
852 445 893 476 in
917 443 1023 477 titulo
1046 445 1153 477 huius
1177 443 1321 487 aequali
1342 442 1388 477 Ν.
1404 443 1503 478 4246.
1525 462 1570 467 -
1598 446 1634 484 7)
1657 443 1755 476 Idem

52 501 216 544 officium
244 502 343 546 quod
358 505 482 545 postea
506 501 692 535 dicebatur
714 501 856 533 comitis
875 510 998 533 rer-um
1020 502 1260 543 privatarum.
1275 518 1320 525 -
1338 501 1374 541 8)
1394 500 1449 532 Do
1472 501 1528 534 his
1549 501 1758 534 muneribus

49 562 238 603 praeter-ea
261 569 334 592 non
356 559 562 592 merueratis
576 558 658 591 vide
674 558 935 590 obser-vationes
950 556 1169 590 Mommseni.
1186 576 1228 582 -—
1246 557 1282 599 9)
1297 556 1418 590 Insere
1432 557 1549 591 sacris.
1567 576 1607 582 -—
1630 559 1684 599 10)
1703 555 1759 597 Cf.

51 615 155 656 infra
178 615 222 650 Ν.
241 616 339 650 4455.

166 681 280 728 1215
322 683 364 723 C.
396 683 525 723 Caelio
554 682 770 723 Saturnino
805 694 840 720 v.
871 693 926 730 c.‚
953 679 961 735 Ι
995 683 1196 734 praefecto
1231 682 1463 735 praetorio¹‚
1491 681 1497 735 Ι
1534 681 1575 722 C.
1607 682 1761 722 Caelius

52 752 239 793 Urbanus
265 764 302 791 v.
332 764 368 792 c.
393 750 401 805 Ι
427 750 647 791 consularis
671 749 678 804 Ι
705 750 807 802 patri
834 751 979 802 posuit.

164 819 297 853 Romae
313 829 387 861 rep.
404 818 524 851 eodem
538 816 618 857 fere
634 817 710 850 Ioco
726 818 789 850 ubi
803 816 849 851 N.
865 817 963 860 4244,
985 819 1106 860 postea
1123 819 1162 850 in
1178 818 1283 850 vinea
1307 817 1463 861 quadam
1487 819 1593 849 extra
1616 819 1760 858 portam

51 877 273 911 Flaminiam
297 875 370 918 (VI
387 874 473 908 4705
496 874 589 907 vidit
610 874 653 907 de
676 873 807 918 Bassi).
830 892 874 898 —
901 875 933 915 1)
957 873 1052 906 Idem
1085 877 1138 906 est
1166 875 1230 916 qui
1256 884 1385 916 supra,
1416 873 1466 906 ad
1492 872 1760 917 praefecturam

50 935 322 977 praetorianam
343 934 539 974 promotus.

166 1021 284 1069 121⁶
327 1023 369 1063 C.
391 1023 521 1064 Caelio
543 1021 775 1077 Censoriino
804 1035 838 1062 V.
864 1023 929 1071 c.²,
958 1028 1083 1075 praet.
1115 1021 1345 1077 candildato,
1377 1035 1502 1071 cons.,
1532 1034 1616 1062 cur.
1646 1018 1760 1075 viae}

54 1093 239 1141 Latinae,
269 1104 354 1132 cur.
384 1103 466 1144 reg.
498 1091 602 1140 Vl12,
629 1090 635 1145 Ι
662 1104 746 1131 cur.
778 1091 1007 1143 splendidae
1037 1089 1287 1145 Carfithagin„
1322 1091 1456 1131 comiti
1486 1090 1523 1129 d.
1555 1103 1596 1130 n.
1623 1087 1630 1143 Ι
1658 1089 1762 1129 Con-

52 1162 215 1203 stantini
234 1160 393 1201 maximi
412 1159 512 1212 Aug.
539 1157 546 1214 Ι
573 1166 612 1199 et
640 1159 814 1199 exactori
843 1160 929 1199 auri
960 1167 999 1200 et
1028 1158 1192 1215 argenlti
1212 1159 1506 1212 provinciarum
1526 1157 1618 1205 n1³‚
1649 1170 1763 1198 cons.

53 1228 244 1284 prolvinc.
275 1227 395 1276 sicil„
426 1240 536 1268 cons.
568 1227 717 1280 camp„
751 1234 864 1267 aucta
898 1227 905 1280 Ι
940 1229 980 1267 in
1018 1229 1159 1269 melius
1188 1227 1341 1268 civitate
1370 1240 1440 1268 sua
1471 1234 1510 1267 et
1538 1223 1764 1279 reforlmata

54 1299 154 1339 ordo
183 1296 436 1351 populusque
466 1295 679 1336 Atellanus.
738 1295 782 1336 L.
813 1296 850 1335 d.
881 1309 912 1335 s.
944 1309 978 1335 c.

168 1365 212 1398 In
233 1365 313 1397 vico
332 1363 464 1396 Grumo
488 1364 584 1395 inter
598 1361 787 1405 Neapolim
803 1365 839 1394 et
856 1362 1025 1405 Capuam,
1047 1366 1185 1406 spectat
1200 1363 1250 1396 ad
1264 1366 1417 1396 veterem
1431 1362 1587 1396 Atellam
1605 1361 1657 1404 (X
1668 1361 1762 1395 5752

52 1424 198 1467 praeter
214 1430 352 1464 paucas
375 1419 513 1451 litteras
535 1419 706 1452 evanidas
729 1419 917 1462 descripsit
938 1419 981 1452 de
1001 1419 1132 1464 Petra).
1148 1439 1192 1444 -
1210 1422 1244 1461 1)
1262 1420 1434 1453 Diversus
1453 1423 1505 1451 est
1521 1419 1662 1452 Caelius
1678 1417 1763 1450 Cen-

54 1479 200 1511 surinus
221 1478 437 1509 memoratus
460 1474 662 1509 V1112216.
687 1494 729 1499 -
755 1476 789 1516 2)
815 1475 877 1508 Sic
907 1467 1118 1519 apographa
1142 1476 1316 1509 nonnulla
1340 1475 1441 1515 facta
1465 1476 1608 1510 saeculo
1633 1475 1763 1515 XVIII,

55 1537 151 1567 recto
178 1535 221 1566 ui
249 1532 414 1573 videtur-‚-
437 1531 484 1572 cs:
506 1542 616 1575 supra
640 1530 686 1565 Ν.
701 1531 790 1564 4209
812 1534 884 1564 noe.
901 1532 932 1565 4.
957 1551 1001 1556 -
1026 1535 1061 1573 3)
1086 1533 1139 1565 De
1162 1544 1308 1565 munere
1332 1534 1512 1566 macteris
1536 1531 1582 1572 el:
1607 1532 1653 1567 N.
1678 1533 1763 1566 4244

56 1594 131 1624 not·
153 1591 186 1624 ⁶.
236 1587 321 1622 Tres
342 1589 553 1631 provinciae
575 1587 743 1620 videntur
768 1598 839 1619 esse
864 1587 1000 1627 Sicilia,
1026 1588 1208 1629 Sardinia,
1235 1590 1390 1623 Corsica.

172 1703 286 1750 1217
329 1707 371 1748 C.
402 1709 529 1750 Vettio
570 1712 748 1752 Cossinio
789 1712 954 1752 Rufino¹
994 1724 1028 1751 c.
1059 1724 1116 1759 ν.,
1150 1709 1157 1763 Ι
1191 1709 1392 1762 praefecto
1426 1707 1551 1754 urhi²,
1591 1706 1723 1746 comiti
1756 1704 1761 1758 Ι

57 1776 183 1826 Augg·
213 1787 299 1822 ΠΕ,
329 1788 431 1816 corr.
461 1778 609 1832 Camp.‚
650 1792 754 1819 corr.
782 1778 788 1835 Ι
815 1780 979 1820 Tusciae
1010 1785 1049 1819 et
1080 1778 1281 1825 Umbriae,
1307 1782 1314 1831 Ι
1341 1788 1446 1816 corr.
1477 1776 1653 1815 Venitiae
1680 1778 1764 1822 (sic)

59 1849 99 1883 et
116 1843 298 1891 Histriae,
328 1856 412 1884 cur.
440 1846 536 1886 alvei
562 1849 568 1897 Ι
595 1848 749 1889 Tiberis
779 1855 818 1888 et
848 1849 1068 1888 cloacarum
1100 1858 1233 1887 sacrae
1262 1843 1423 1903 urbisst
1449 1856 1533 1883 cur.
1563 1844 1646 1884 viae
1676 1844 1764 1884 Fla-

58 1911 217 1958 miniae,
246 1913 474 1963 proconsuli
503 1913 740 1970 prolvinciae
761 1917 927 1956 Achaiae
950 1916 1103 1963 sortito,
1135 1914 1314 1967 pontifici
1344 1913 1406 1952 dei
1432 1911 1438 1965 Ι
1466 1911 1582 1959 Solis,
1611 1912 1764 1964 auguri,

58 1979 155 2019 salio
187 1977 383 2027 Palatino,
421 1981 520 2021 ordo
550 1982 810 2038 polpulusque
840 1985 994 2033 Atinas,
1028 1985 1134 2037 quod
1165 1983 1205 2023 in
1238 1987 1465 2022 correctura
1492 1978 1498 2032 Ι
1525 1980 1631 2028 eius,
1663 1992 1765 2032 quae

59 2048 298 2088 sevissimam
330 2051 414 2097 (22'0)
446 2048 725 2105 tyr:1n1nidem³
756 2053 991 2101 incurrerat,
1031 2052 1177 2092 nullam
1213 2051 1219 2105 Ι
1254 2050 1439 2090 iniuriam
1477 2049 1724 2096 sustinuerit,
1757 2047 1762 2101 Ι

59 2123 230 2168 patrono
261 2118 502 2171 dignissimo.

174 2183 304 2217 Atinae
328 2184 380 2227 (Χ
396 2186 481 2219 5064
506 2186 599 2219 vidit
619 2185 838 2230 Mommsen).
871 2205 914 2211 —-
949 2189 982 2228 1)
1004 2187 1059 2219 Ab
1091 2187 1211 2219 eodem
1236 2187 1377 2218 homine
1399 2186 1538 2228 positus
1562 2186 1615 2215 est
1637 2183 1764 2215 titulus

59 2242 222 2274 urbanus
245 2241 333 2284 Epa.
358 2253 411 2284 ep.
434 2243 466 2283 4,
488 2243 567 2278 829.
599 2262 644 2267 -
674 2244 707 2282 2)
732 2241 937 2282 Praefectus
959 2244 1043 2276 urbi
1064 2241 1140 2282 fuit
1163 2254 1195 2276 a.
1219 2243 1298 2276 345.
1329 2260 1376 2266 -
1405 2243 1439 2282 3)
1463 2240 1641 2273 Maxentii
1662 2242 1762 2281 puto.

175 2343 288 2391 1218
330 2345 374 2385 L.
406 2345 557 2386 Nonius
589 2345 711 2386 Verus
749 2359 783 2385 v.
815 2359 924 2387 cons
929 2347 955 2396 ¹,
989 2346 1050 2386 bis
1085 2345 1282 2392 correct&
1319 2344 1480 2396 Apuliae
1511 2350 1550 2383 et
1580 2342 1724 2390 Calah„
1757 2341 1762 2396 Ι

61 2412 314 2454 venetiarum
350 2419 389 2453 et
419 2413 572 2460 Istriae,
611 2425 764 2462 comes,
802 2421 995 2467 patronus
1023 2413 1305 2454 alutinensium
1337 2412 1555 2464 Aquileien.
1583 2412 1590 2465 Ι
1616 2412 1766 2452 Brixia·

63 2493 206 2522 norum
238 2488 278 2522 et
307 2482 579 2521 universarum
620 2481 778 2522 urbium
808 2482 970 2535 Apuliae
1002 2480 1298 2532 Calabriaeque,
1334 2479 1341 2532 Ι
1368 2481 1539 2520 Viniciae
1569 2479 1766 2520 Marciaue

62 2561 98 2589 c.
130 2549 180 2598 12,
219 2549 272 2589 fil.
304 2549 511 2590 Caeciliani
543 2561 581 2600 p.
612 2549 676 2594 v.⁸,
715 2548 776 2588 bis
806 2550 978 2596 ration.⁴,
1003 2548 1010 2602 Ι
1037 2548 1145 2588 urbis
1175 2548 1322 2588 Romae
1357 2555 1396 2588 et
1424 2548 1600 2594 Africae,
1637 2560 1765 2600 praes.

64 2616 302 2661 Lusitaniae,
323 2629 426 2657 corr.
448 2617 562 2668 Apul.
584 2622 622 2655 et
644 2616 790 2663 Calab.‚
813 2617 885 2656 vic.
909 2617 1032 2669 praef.
1055 2628 1126 2668 per
1146 2615 1258 2661 half,
1286 2614 1293 2669 Ι
1319 2616 1477 2667 coniugi
1499 2616 1766 2656 sanctissimae

62 2696 109 2725 ac
146 2683 475 2737 benignissimae,
514 2684 627 2723 cuius
664 2684 739 2723 vita
778 2696 932 2724 morum
958 2685 964 2737 Ι
990 2685 1250 2736 studiorumq.
1290 2684 1471 2724 laudibus
1506 2692 1545 2723 et
1575 2683 1768 2723 universis

52 2752 249 2792 -virtutum
271 2753 391 2792 animi
413 2760 491 2791 lam
514 2752 617 2791 clara
643 2749 650 2804 Ι
677 2751 833 2799 exstitit,
863 2757 908 2791 ut
927 2751 1166 2792 admirabilia
1187 2753 1329 2792 veteris
1353 2751 1559 2803 probitatis
1590 2750 1765 2802 exempla

64 2820 272 2872 superarit,
298 2818 306 2874 Ι
331 2832 410 2871 quo
441 2819 583 2859 merito
614 2819 869 2871 omniumque
896 2819 1039 2860 iudicio
1064 2820 1250 2872 singulari
1272 2820 1483 2871 praeconio
1510 2818 1517 2871 Ι
1544 2818 1765 2858 inlustrium

63 2892 329 2927 matronarum
360 2888 480 2927 decus
510 2892 827 2939 ornamentumq.
859 2893 917 2927 est
946 2887 1061 2928 abita.

180 2952 357 2994 Mutinae,
392 2954 635 2995 sarcophagus
672 2951 738 2995 (XI
768 2953 835 2987 834
874 2953 965 2986 vidie
991 2954 1203 2997 Bor-mann).
1235 2972 1277 2977 —
1310 2953 1342 2993 1)
1374 2952 1441 2985 Vir·
1479 2952 1689 2985 consularis.
1721 2970 1766 2976 —

67 3007 103 3048 2)
128 3007 315 3042 corrector
336 3008 413 3049 suit
435 3010 498 3048 bis,
530 3009 681 3051 Apuliae
711 3012 745 3041 ec
769 3008 954 3042 Calabriae
983 3010 1061 3053 (sub
1088 3010 1338 3050 Constantino,
1368 3011 1462 3042 inter·
1484 3019 1598 3042 annos
1619 3009 1768 3050 5471326
