1968 3268
433 150 548 187 Tituli
570 151 831 196 imperatorum
854 151 1054 198 domusque
1075 152 1345 198 imperatoriae.
1688 156 1744 195 63

150 266 194 300 In
209 275 303 309 agro
320 265 482 299 Lunensi
495 276 584 309 rep„
606 275 704 298 nune
720 264 860 308 Romae,
883 266 1006 299 tabula
1021 276 1224 300 marmorea
1247 268 1287 300 in
1303 277 1375 311 qua
1394 267 1467 302 duo
1483 269 1585 303 tituli
1601 271 1749 313 gemelli

34 325 142 358 iuxta
167 323 285 366 positi
314 321 386 364 (XI
403 322 524 366 4354).
555 341 599 347 -
633 325 666 364 1)
696 323 929 366 Imperatoris
958 322 1170 358 vocabulum
1199 325 1309 357 etiam
1339 335 1362 358 a
1389 323 1535 359 Nerone
1563 327 1745 360 interdum

34 379 113 414 loco
131 380 391 424 praenominis,
413 379 475 411 sed
496 389 571 412 una
594 389 675 412 eum
694 380 847 422 proprio
869 382 1094 422 usurpatum,
1118 378 1166 420 ef.
1190 379 1382 414 Mommsen
1403 381 1558 415 Staatsr.
1574 382 1613 415 11
1630 393 1667 426 p.
1681 383 1746 417 746

32 439 107 470 not.
123 436 154 470 4.
177 454 223 462 -
247 437 282 478 2)
303 435 350 469 45
368 434 441 469 Oct.
456 435 554 479 66167
570 435 628 478 (40
644 435 728 469 Dec.
742 435 892 480 6516629.
939 434 995 476 ct:
1017 446 1130 480 supra
1145 435 1190 471 Ν.
1205 437 1278 477 229
1298 439 1371 472 not.
1388 437 1444 472 15.
1464 458 1511 463 -
1525 439 1561 479 3)
1576 437 1620 471 In
1640 440 1744 473 titulo

35 491 200 527 Casinate
221 492 258 526 X
274 492 373 535 5474,
396 493 635 534 coniungenta
659 501 739 525 eum
762 492 961 525 tn‘bunicia
981 495 1157 535 potestate
1179 493 1315 526 decima
1339 495 1448 528 tertia
1470 495 1745 538 imperatoriam

30 549 284 584 mutationem
314 552 479 582 octavam
508 549 600 582 aller
635 552 718 582 uter
746 558 915 581 numerus
951 559 1026 582 non
1061 552 1158 582 reete
1190 549 1390 593 descriptus
1423 553 1475 584 sit
1506 561 1646 584 necesse
1681 555 1743 586 est.

33 605 174 648 Postea,
195 607 237 638 in
259 606 455 639 tribunicia
477 608 654 649 potestate
675 605 813 638 decima
837 607 982 648 quarta,
1004 604 1102 639 Nero
1126 605 1176 639 ad
1196 606 1450 641 salutationem
1471 609 1744 651 imperatoriam

33 661 296 706 duodecimam,
323 661 382 694 vel
407 663 514 695 etiam
536 661 647 704 ultra,
665 663 834 705 pervenit
856 660 909 704 (X
926 661 1040 705 8044).
1063 680 1111 687 -—
1133 663 1169 706 4)
1192 663 1335 697 Duovir
1357 667 1544 707 quartum,
1566 669 1744 709 patronus

33 717 213 761 coloniae,
234 718 371 751 seilicet
389 717 576 752 Lunensis.
599 737 645 742 -—
668 719 703 760 5)
725 717 934 758 Praefectus
955 717 1102 757 fabrum
1126 720 1336 754 consularis.
1360 739 1403 746 —
1429 722 1464 761 6)
1486 721 1543 754 De
1565 722 1623 755 his
1644 723 1743 755 insu—

32 774 151 808 larum
170 771 366 818 praesectis
388 772 437 814 cs.
458 773 653 807 Mommsen
677 774 726 807 ad
749 774 784 808 C.
807 773 840 808 X
860 774 958 808 6785.
990 793 1037 799 —
1069 776 1103 818 ’1)
1128 776 1213 809 LLG
1238 776 1340 820 Iapis.
1369 796 1416 802 --
1444 778 1479 820 8)
1502 777 1744 821 Significatur

30 839 151 864 annus
167 840 207 874 p.
220 830 303 864 Chr.
316 831 383 871 65,-
405 830 542 873 collega
557 829 696 864 Licinii
709 830 863 872 Nervae,
885 830 933 864 M.
950 830 1119 864 Vestinus
1140 832 1294 875 Atticus,
1311 834 1403 876 ideo,
1425 837 1470 867 ut
1488 834 1646 877 videtur,
1667 845 1743 868 non

29 889 268 928 memoratur,
301 887 400 929 quod
425 888 467 919 in
495 889 572 930 ipso
604 887 793 920 consulatu
824 889 924 920 iussu
952 889 1183 931 imperatoris
1215 891 1353 922 occisus
1382 893 1435 923 est
1466 889 1513 930 cf.
1542 890 1625 924 Tac.
1657 901 1742 926 ann.

30 942 86 986 46,
101 944 156 978 68.
170 945 226 985 69,
247 942 393 977 Sueten.
416 942 502 977 Ner.
521 945 569 977 35
593 942 824 987 (Bormann).
848 963 894 967 —
917 945 952 986 9)
975 945 1193 987 SAVFETQ
1231 948 1285 989 10)
1303 947 1387 980 VBE
1413 947 1515 989 lapis.
1539 965 1582 971 —
1611 949 1665 989 11)
1688 947 1743 980 De

29 998 195 1042 Pampaoa
222 1002 307 1042 post
332 1003 481 1034 mortem
504 1011 539 1036 a.
562 1001 606 1034 65
635 1001 731 1032 inter
760 1000 844 1033 deos
871 1000 988 1033 relata
1020 999 1067 1040 cf.
1101 1000 1183 1035 Tac.
1207 1013 1292 1038 ann.
1322 1003 1375 1044 46,
1398 1003 1454 1037 24.
1476 1004 1536 1038 22.
1570 1022 1614 1028 -
1646 1003 1741 1037 Viva

13 1058 250 1099 *memoratur
278 1056 442 1100 Poppaea
472 1057 642 1099 Augusta
672 1057 713 1089 in
736 1058 827 1089 actis
849 1057 1039 1090 Arvalium
1063 1069 1095 1091 a.
1119 1059 1166 1092 65
1195 1062 1231 1092 et
1260 1060 1301 1092 in
1330 1060 1449 1092 titulis
1477 1070 1663 1094 servorum
1686 1060 1744 1093 vel

29 1112 238 1145 &bertanem
269 1113 323 1146 V]
341 1114 428 1147 8946
456 1113 493 1147 Χ
510 1114 605 1147 4906.
630 1113 726 1146 6787.
772 1113 914 1146 Henzen
941 1115 1038 1148 5408.
1061 1114 1171 1155 5440,·
1201 1116 1285 1147 item
1314 1116 1355 1148 in
1383 1117 1617 1159 inscriptione
1649 1127 1742 1160 quae

25 1171 197 1211 nequeam

89 1298 93 1299 ν
141 1269 230 1316 234
270 1271 410 1312 iudicis
438 1272 605 1325 Augusti
634 1285 674 1325 p.
705 1285 745 1325 p.
777 1278 817 1313 et
844 1273 1053 1326 Poppaeae
1081 1276 1183 1327 Aug.
1215 1275 1400 1315 feliciter!

141 1339 327 1382 Pompeiis,
348 1340 389 1372 in
409 1337 534 1379 fronte
555 1339 726 1371 tabernae
749 1339 938 1373 cuiusdam
961 1342 1099 1384 pictum
1125 1340 1286 1383 (Notizie
1307 1341 1393 1375 4879
1414 1352 1450 1385 p.
1472 1342 1551 1386 22).
1600 1343 1740 1376 Iudicia

27 1395 268 1439 inperatoris,
290 1396 419 1438 quibus
434 1395 644 1438 Pompeiani
660 1395 951 1429 acclamaverunt
965 1398 1024 1429 hie
1040 1400 1075 1429 et
1094 1398 1134 1430 in
1149 1397 1233 1430 aliis
1247 1398 1422 1431 similibus
1445 1400 1741 1442 inscriptionibus

23 1448 248 1495 parietas-iii,
272 1452 448 1495 quomodo
472 1452 684 1495 accipienda
706 1454 780 1485 sint
802 1455 839 1485 et
854 1453 905 1486 ad
917 1454 1009 1496 quid
1019 1455 1273 1497 pertinuerint,
1298 1457 1466 1498 eaposuit
1479 1455 1683 1488 Henzenum
1706 1459 1741 1489 et

28 1507 283 1542 Momm-venum
305 1511 447 1540 emtus
468 1508 737 1550 Zangemeisler
759 1509 808 1541 ad
832 1509 867 1543 C.
892 1510 953 1544 IV
967 1511 1060 1543 4074.

140 1607 230 1654 235
272 1609 583 1650 nartiCamu10¹
610 1607 617 1663 Ι
642 1622 796 1650 sacrum
819 1624 892 1663 pro
917 1611 927 1665 Ι
948 1612 1076 1652 §alme
1097 1609 1319 1668 [Neronis]²
1343 1612 1350 1665 Ι
1377 1612 1513 1653 Claudi
1534 1613 1709 1653 Caesaris
1730 1611 1737 1667 Ι

27 1679 127 1730 Aug.
158 1676 381 1717 Germanici
408 1676 502 1730 imp.
529 1675 536 1730 Ι
563 1677 666 1718 cives
696 1679 811 1718 Remi
841 1680 908 1731 qui
934 1678 941 1733 Ι
966 1680 1156 1732 templum
1185 1677 1504 1736 coustitulerunt.
1551 1687 1594 1720 In
1615 1684 1739 1724 fronte

27 1761 126 1792 arae,
149 1751 247 1798 inter
261 1749 353 1782 duas
368 1749 513 1790 laurus,-
535 1751 576 1782 in
592 1750 746 1783 eiusdem
762 1750 873 1784 latere
883 1753 1025 1794 postico
1040 1753 1140 1785 intra
1157 1763 1325 1786 coronam
1341 1762 1534 1795 quernam:
1554 1762 1591 1788 o.
1622 1761 1658 1788 c.
1688 1750 1739 1789 ε.8

139 1811 300 1846 Bindern
321 1820 434 1854 prope
459 1810 627 1854 Cliniam,
659 1812 785 1845 deinde
810 1812 944 1847 Cliniae
968 1813 1185 1857 (Bramback
1214 1815 1275 1848 464
1308 1815 1522 1858 descripsit).
1545 1833 1591 1839 -
1618 1816 1650 1857 1)
1675 1815 1739 1849 Ca-

26 1869 144 1903 nubas
166 1869 223 1902 vel
244 1867 344 1902 Mars
367 1867 535 1901 Camulus
556 1878 643 1901 raro
667 1871 895 1910 memoratus,
918 1873 961 1902 ut
983 1872 1022 1903 in
1045 1870 1166 1914 lapide
1189 1874 1225 1903 et
1246 1873 1324 1914 ipso
1345 1873 1465 1914 posito
1493 1882 1516 1904 a
1539 1874 1616 1904 eive
1630 1870 1738 1906 Remo

28 1925 85 1960 V!
100 1927 153 1960 ⁴6.
181 1943 229 1951 —
258 1925 292 1966 2)
315 1923 410 1957 nale
439 1934 569 1957 manus
599 1926 743 1958 novicia
770 1935 839 1968 pro
862 1925 1020 1959 Neronis
1049 1929 1192 1960 nomine
1218 1937 1321 1960 eraso
1358 1927 1495 1960 Tiberii
1525 1928 1738 1962 vocabulum

26 1985 68 2016 in
98 1982 217 2026 lapide
245 1981 415 2024 reposuit.
444 1999 491 2005 —
523 1981 558 2022 3)
584 1979 633 2013 ob
663 1983 756 2015 cives
783 1985 953 2016 servatos.
1000 1982 1144 2016 Laurus
1167 1987 1203 2016 et
1226 1994 1360 2017 corona
1384 1985 1498 2017 civica
1522 1995 1569 2018 ex
1590 1988 1737 2019 senatus

0 2027 2 2084 ἶ
26 2038 189 2074 consulto
218 2036 317 2077 facto
349 2048 383 2070 a.
411 2037 478 2070 727
510 2035 575 2079 (σΙί
607 2036 798 2071 Mommsen
827 2049 920 2073 mon.
952 2039 1061 2073 Anc.²
1089 2050 1125 2083 p.
1149 2040 1228 2084 449)
1268 2042 1518 2073 ornamentum
1543 2043 1737 2084 proprium

29 2093 182 2134 haemmi
195 2092 338 2126 aedium
353 2093 521 2135 Augusti,
540 2094 651 2135 obque
667 2104 744 2126 eam
761 2105 836 2127 rem
850 2097 994 2139 saepius
1011 2099 1329 2139 repraesentantur
1343 2098 1384 2129 in
1408 2099 1563 2130 nummis
1576 2098 1737 2140 Augusti

0 2135 93 2198 iser.
108 2148 536 2193 M0.1.c.p.149-152),
561 2150 741 2183 interdum
766 2153 875 2184 ettam
898 2153 939 2185 tn
956 2154 1033 2185 ars,
1049 2154 1213 2195 Augusto
1237 2153 1412 2186 aeda-eatis
1436 2152 1502 2196 (er.
1520 2155 1566 2188 ει».
1576 2165 1616 2197 p.
1632 2155 1735 2198 225).

0 2194 103 2283 {Hoc
125 2207 331 2239 revocatum
355 2215 426 2237 esse
447 2206 512 2237 sub
529 2203 672 2239 Nerone
686 2207 773 2239 haec
796 2218 863 2241 ara
881 2209 1043 2244 ostendit.
1079 2209 1225 2242 Nummi
1241 2220 1380 2253 quoque
1393 2209 1549 2243 Neronis
1565 2220 1735 2244 coronam

12 2250 200 2308 ”fucernam
223 2271 327 2304 saepe
349 2261 519 2294 exhibent
541 2261 693 2304 (Ecklzel
713 2265 744 2305 6,
759 2264 859 2308 262),
882 2265 944 2297 sed
964 2267 1042 2298 sine
1064 2267 1300 2309 inscriptione
1324 2267 1366 2298 ob
1391 2268 1483 2299 cives
1505 2269 1676 2300 servatos.

138 2373 226 2422 m
268 2375 416 2414 Neroni
438 2374 590 2414 Caesari
605 2376 703 2427 Aug.
731 2377 738 2426 Ι
763 2383 804 2416 et
822 2385 959 2418 sancto
981 2376 1168 2434 Silvan[o]
1194 2377 1201 2432 Ι
1227 2380 1438 2419 aediculam
1460 2392 1551 2420 eum
1573 2381 1734 2432 imagin.

67 2442 237 2484 Faustus
265 2442 441 2483 Caesaris
467 2442 473 2496 Ι
499 2443 536 2482 d.
568 2456 598 2483 s.
630 2455 670 2495 p.
701 2440 763 2499 [fi]

5 2505 6 2508 ’
29 2517 45 2523 ·
140 2509 256 2552 Prope
278 2507 424 2542 Romam
447 2520 520 2552 rep.
547 2509 619 2552 (VI
637 2510 704 2543 927
699 2511 732 2553 ).
762 2528 808 2535 -
838 2511 1091 2554 Imperatorem
1115 2511 1264 2546 Silvano
1293 2516 1539 2557 praepositum
1567 2524 1639 2546 esse
1661 2524 1732 2547 non

70 2565 80 2575 ¹
123 2585 125 2587 -
181 2568 235 2598 eet
255 2566 295 2598 in
319 2576 386 2599 ara
411 2566 574 2599 dedicata
599 2577 621 2599 a
644 2577 745 2599 servo
768 2567 878 2601 illius.

140 2678 227 2724 237
270 2680 406 2732 Sergio
432 2679 439 2734 Ι
466 2679 640 2733 Sulpicio
668 2680 673 2731 Ι
701 2681 845 2721 Galbae
868 2680 876 2736 Ι
903 2682 996 2735 imp.
1028 2683 1183 2723 Caesar.

16 2769 24 2773 ›-
142 2746 287 2780 Salonis
303 2746 476 2790 (spumei)
493 2757 567 2789 rep.
586 2758 617 2779 a.
635 2746 719 2780 1874
736 2747 843 2791 (Epa.
860 2758 914 2791 ep.
929 2749 965 2791 2,
978 2749 1080 2793 522).
1120 2749 1163 2782 In
1179 2749 1294 2783 altera
1307 2753 1413 2793 parte
1429 2751 1562 2793 lapidis
1577 2739 1734 2793 superest

97 2801 171 2836 alio
194 2804 323 2837 muto:
348 2828 356 2836 .
374 2828 383 2835 .
402 2828 410 2836 .
428 2811 478 2836 us.
509 2821 555 2827 —-
585 2802 663 2844 Ipse
692 2804 890 2845 imperator
920 2805 1098 2848 appellari
1127 2806 1244 2839 voluit
1266 2805 1338 2840 Ser.
1363 2805 1469 2840 Galba
1503 2807 1583 2849 imp.
1610 2805 1733 2838 Caesar

36 2896 43 2902 .
92 2892 97 2894 ,
116 2862 204 2893 Μῦς
234 2862 277 2892 ut
307 2858 496 2892 ostendunt
519 2859 716 2901 diplomata
745 2860 789 2892 ab
819 2870 860 2893 eo
884 2861 969 2895 data
992 2864 1171 2895 veteranis
1195 2863 1347 2905 legionis
1366 2864 1508 2904 primae
1532 2861 1733 2894 Adiutricis

84 2937 95 2948 .
124 2912 227 2954 infra
258 2916 355 2947 inter
385 2915 507 2948 titulos
537 2916 741 2958 militares).
770 2934 817 2941 —
850 2916 960 2950 Omisi
988 2917 1234 2961 fragmentum
1264 2918 1357 2951 male
1384 2917 1601 2960 descriptum
1634 2918 1733 2951 &acu

20 2968 53 3002 5¹
129 2989 156 2997 „
184 2970 342 3004 dedicati
371 2972 411 3004 in
434 2973 522 3004 urbe
547 2972 674 3006 Clunia
700 2972 755 3014 (ΙΙ
774 2973 877 3017 2779)
908 2975 947 3006 in
972 2985 1057 3018 qua,
1070 2977 1229 3018 primum
1260 2976 1460 3017 imperator
1490 2973 1733 3007 consalutatus

7 3037 69 3075 '52‘
104 3023 213 3068 (Plut.
239 3026 337 3072 Galo.
360 3028 392 3062 6.
417 3027 464 3067 cll
489 3027 584 3061 Suet.
612 3027 709 3061 Galb.
731 3030 782 3072 9).
