1968 3268
830 716 1019 760 GAPVT
1046 716 1125 759 1x.

640 834 877 889 TITVLI
915 833 1315 888 MILITARES.

126 1046 504 1098 Constitutiones
526 1046 865 1110 imperatorum
886 1045 946 1094 de
964 1045 1156 1094 civitate
1174 1050 1222 1094 et
1245 1045 1450 1094 conubio
1479 1050 1828 1095 veteranorum.

680 1134 976 1201 (Diplomata
1009 1133 1266 1200 militaria.)

169 1277 176 1282 -
242 1261 477 1305 Imperatores
498 1260 674 1293 militibus
703 1262 784 1302 post
812 1262 947 1292 iustum
976 1269 1164 1292 numerum
1196 1258 1458 1302 stipendiorum
1489 1259 1834 1292 bonesta‘missione

127 1319 244 1351 missis
273 1317 464 1351 concedere
486 1317 657 1357 solebant,
680 1318 712 1348 si
732 1317 948 1359 peregrinae
971 1315 1192 1349 condicionis
1215 1317 1331 1356 erant,
1353 1317 1397 1347 ut
1418 1316 1511 1347 cives
1534 1314 1688 1348 Romani
1710 1318 1832 1355 essent,

127 1375 262 1408 civibus
286 1372 466 1415 Romanis,
490 1375 531 1405 ut
554 1373 744 1405 conubium
768 1373 939 1405 haberent
961 1373 1067 1404 etiam
1093 1381 1173 1404 cum
1195 1372 1372 1405 uxoribus
1392 1371 1643 1415 peregrinis.*)
1689 1371 1744 1404 De
1767 1373 1835 1404 hac

127 1441 167 1463 re
191 1431 458 1463 constitutiones
477 1429 792 1471 per-scribebantur
815 1430 850 1460 et
878 1430 956 1461 aeri
978 1430 1113 1461 incisae
1133 1429 1428 1471 proponebantur
1450 1427 1582 1461 Romae
1607 1430 1766 1471 primum
1795 1430 1835 1461 in

130 1486 316 1530 Capitolio,
338 1488 461 1529 postea
484 1485 584 1525 (inde
608 1495 630 1517 a
654 1485 869 1527 temporibus
891 1484 1111 1525 Domitiani,
1143 1482 1191 1524 cf.
1216 1484 1265 1517 ad
1286 1484 1332 1519 N.
1355 1486 1442 1519 1998
1464 1488 1538 1520 not.
1561 1485 1606 1529 6)
1630 1487 1671 1518 in
1695 1485 1834 1519 Palatio

127 1545 168 1575 in
190 1553 294 1576 muro
318 1541 473 1585 quodam
496 1544 583 1584 post
612 1541 779 1583 templum
810 1540 886 1573 divi
909 1541 1067 1583 Augusti
1096 1540 1144 1572 ad
1166 1540 1365 1574 Minervam
1372 1554 1386 1582 ;
1415 1543 1615 1584 subscripta
1646 1544 1751 1574 erant
1772 1551 1836 1574 no—

126 1600 226 1632 mina
256 1598 410 1631 militum
442 1597 490 1631 ad
519 1607 606 1640 quos
638 1598 846 1630 constitutio
873 1598 1086 1639 pertinebat.
1136 1596 1292 1630 Tabulae
1316 1598 1382 1630 hae
1405 1608 1530 1630 aereae
1555 1597 1779 1640 Capitolinae
1801 1600 1837 1631 et

128 1655 313 1689 Palatinae
336 1655 497 1697 (praeter
518 1652 677 1694 frustula
702 1653 876 1696 quaedam
893 1656 1028 1696 eoeigua
1043 1653 1195 1686 notabili
1212 1664 1294 1687 casu
1303 1653 1359 1695 **)
1380 1654 1540 1698 servata)
1566 1653 1701 1687 dudum
1718 1655 1837 1697 perie-

127 1714 236 1752 runt‚·
258 1710 322 1744 sed
337 1713 580 1754 pervenerunt
602 1710 652 1743 ad
665 1720 730 1742 nos
754 1711 966 1753 apographa
981 1710 1188 1751 multarum,
1211 1709 1312 1750 sacta
1329 1711 1369 1742 in
1383 1720 1488 1742 usum
1502 1712 1684 1753 privatum
1699 1713 1836 1744 vetera-

126 1778 268 1810 norum,
292 1777 444 1810 quorum
464 1768 650 1808 intererat,
676 1765 927 1806 beneficiorum
944 1767 987 1799 ab
1004 1768 1221 1810 imperatore
1237 1767 1456 1800 tributorum
1480 1769 1702 1801 testationem
1723 1769 1836 1811 scrip·

128 1827 202 1857 tam
225 1824 368 1857 domum
391 1826 595 1866 reportare,
629 1823 768 1856 diversa
802 1824 845 1856 ab
870 1823 944 1855 illis
968 1834 1008 1856 ea
1027 1824 1253 1866 potissimum
1284 1834 1324 1855 re
1346 1823 1444 1866 quod
1473 1824 1683 1866 apographo
1707 1825 1837 1857 consti-

128 1881 279 1913 tutionis
301 1890 413 1912 unum
437 1882 574 1912 tantum
597 1890 745 1922 nomen,
777 1881 853 1912 eius
879 1879 1008 1912 militis
1041 1881 1143 1912 cuius
1167 1890 1276 1913 causa
1299 1881 1548 1923 apographum
1578 1879 1718 1920 factum
1747 1883 1837 1921 erat,

126 1937 364 1978 subscriptum
392 1938 453 1968 est.
504 1937 724 1979 Apograplza
755 1947 795 1968 ca
819 1937 1020 1980 perscripta
1053 1939 1138 1969 sunt
1163 1939 1198 1968 et
1218 1939 1297 1980 ipsa
1319 1938 1360 1969 in
1382 1947 1483 1976 aere,
1516 1937 1663 1979 singuIa
1692 1946 1766 1969 non
1797 1938 1836 1969 in

127 1991 293 2034 singulis,
317 1991 380 2024 sed
402 1994 441 2024 in
465 1993 556 2025 binis
581 1993 719 2026 tabellis
743 1995 871 2035 aeneis,
897 2003 988 2036 quae
1004 1993 1089 2027 olim
1106 1993 1298 2036 colligatae
1321 1992 1491 2036 diptycha
1508 1992 1703 2034 effecerunt
1725 2003 1836 2026 aenea

127 2049 203 2080 sive
218 2047 416 2090 diplomata
425 2048 471 2091 †)‚
486 2049 619 2082 similia
637 2049 814 2082 codicillis
830 2049 991 2093 (libellis)
1010 2051 1129 2083 aeneis
1138 2051 1360 2093 paginarum
1376 2052 1557 2092 quattuor,
1575 2060 1730 2093 quarum
1746 2050 1837 2083 duae

127 2105 331 2145 interiores,
347 2103 439 2136 duae
450 2107 647 2138 exteriores
664 2105 728 2146 (cf.
742 2116 779 2149 p.
791 2106 868 2140 394.
881 2107 982 2148 592).
1012 2106 1194 2150 Diptycka
1211 2107 1279 2139 bae
1294 2106 1417 2139 claudi
1430 2106 1601 2146 solebant,
1618 2117 1659 2139 eo
1675 2106 1780 2139 modo
1796 2110 1838 2139 ut

130 2159 277 2192 tabellae
298 2159 575 2202 perforat-entur
598 2165 634 2194 et
654 2173 719 2205 per
742 2161 925 2201 foramina
950 2163 1200 2196 traduceretur
1222 2163 1357 2205 triplex
1379 2162 1480 2202 filum
1512 2172 1672 2202 aeneum,
1698 2164 1732 2194 et
1754 2172 1836 2195 con·

127 2218 272 2259 sig-nari
293 2217 424 2258 sigillis
443 2219 573 2250 civium
591 2217 834 2251 Romanorum
857 2221 1000 2261 septem,
1024 2220 1086 2261 qui
1102 2221 1155 2251 ita
1180 2220 1403 2251 testabantur
1417 2220 1636 2261 scripturam
1658 2221 1753 2251 recte
1775 2229 1836 2251 ea:-

124 2282 285 2314 pressam
298 2284 345 2305 eac
360 2273 567 2316 archetypo,
585 2276 619 2305 et
634 2283 786 2316 quorum
797 2276 944 2307 nomina
961 2275 1066 2308 hodie
1083 2285 1220 2317 quoque
1236 2276 1352 2307 incisa
1369 2276 1603 2307 inveniuntur
1618 2277 1657 2307 in
1671 2275 1836 2317 partibus

129 2330 368 2362 exterioribus
391 2329 642 2373 diptychorum
670 2329 764 2373 (ipsa
787 2330 909 2372 sigilla
931 2332 1082 2373 periisse
1105 2341 1178 2363 non
1207 2333 1259 2362 est
1280 2333 1429 2371 mirum,
1459 2341 1533 2364 non
1556 2341 1643 2364 raro
1672 2333 1836 2374 repertae

129 2389 213 2418 sunt
245 2385 420 2428 reliquiae
457 2385 513 2426 fili
543 2386 640 2418 illius
679 2388 782 2419 aenei
819 2385 1060 2425 foraminibus
1090 2387 1209 2419 adhuc
1239 2387 1479 2429 inhaerentes)
1489 2400 1503 2428 ;
1534 2387 1575 2420 id
1603 2390 1725 2421 autem
1755 2387 1836 2420 ideo

129 2441 211 2482 fieri
233 2442 378 2484 solebat,
402 2441 498 2484 quod
520 2442 586 2475 hoc
610 2445 750 2475 tantum
767 2443 870 2475 modo
895 2443 1143 2486 apographum
1168 2445 1434 2477 constitutionis
1456 2445 1710 2478 auctoritatem
1734 2445 1837 2477 habe-

131 2499 211 2539 bat‚·
234 2499 444 2542 apographo
469 2498 577 2530 aliter
597 2498 741 2541 prolato
765 2500 894 2531 civitas
916 2500 972 2531 vel
996 2499 1184 2531 conubium
1206 2501 1369 2532 veterani
1390 2500 1569 2534 iudicibus
1588 2501 1741 2543 probari
1763 2511 1836 2534 non

245 2610 278 2652 *)
302 2610 476 2643 Memorat
506 2612 611 2643 liuius
640 2612 784 2652 generis
817 2612 1087 2644 constitutiones
1112 2611 1223 2645 Gaius
1252 2614 1334 2645 inst.
1366 2612 1397 2652 4,
1420 2613 1464 2645 57
1494 2613 1549 2645 his
1580 2615 1710 2646 verbis:
1730 2608 1836 2645 ‘vete-

130 2668 232 2699 ranis
263 2667 473 2709 quibusdam
504 2666 652 2700 concedi
682 2666 771 2698 solet
796 2668 1063 2710 principalibus
1101 2669 1417 2702 constitutionibus
1447 2670 1637 2702 conubium
1673 2679 1752 2701 cum
1781 2670 1837 2702 liis

131 2722 273 2756 Latinis
292 2724 556 2766 peregrinisve,
590 2733 678 2766 quas
699 2723 837 2764 primas
865 2726 947 2766 post
968 2726 1171 2758 missionem
1194 2735 1326 2758 uoeores
1350 2724 1543 2765 duoeere‘ne‚·
1577 2729 1611 2758 et
1641 2727 1705 2767 qui
1727 2736 1773 2757 ex
1796 2736 1835 2758 eo

130 2781 359 2812 matrimonio
384 2783 591 2821 nascuntur,
615 2781 649 2811 et
673 2780 764 2811 cives
788 2778 941 2812 Romani
963 2783 998 2813 et
1021 2782 1060 2814 in
1082 2784 1290 2824 potestatem
1309 2782 1517 2823 parentium
1541 2775 1656 2822 fiunt.'

222 2835 278 2876 **)
301 2835 350 2868 Ei
373 2836 436 2878 qui
460 2837 755 2868 constitutionum
779 2846 812 2868 a.
836 2836 907 2870 243
932 2840 966 2870 et
987 2847 1019 2870 a.
1044 2838 1112 2871 248
1135 2837 1344 2880 apographa
1369 2837 1408 2869 in
1433 2847 1514 2869 aere
1538 2837 1756 2881 inciderunt,
1777 2839 1837 2871 usi

131 2894 216 2924 sunt
238 2892 369 2925 tabulis
393 2892 598 2934 archetypis
623 2892 914 2925 constitutionum
937 2896 1162 2936 superiorum
1186 2896 1407 2936 principum,
1432 2893 1582 2926 revulsis
1605 2896 1639 2926 et
1662 2894 1836 2937 dissectis,

133 2947 195 2981 sed
217 2949 268 2980 ita
292 2950 334 2981 ut
353 2949 558 2990 primitivae
582 2948 784 2989 scripturae
801 2958 891 2990 pars
913 2952 1121 2983 remaneret.

244 3005 280 3045 †)
298 2999 520 3046 ‘Diplomata
546 3004 702 3036 civitatis
725 2998 919 3036 Romanae'
944 3007 1116 3037 memorat
1138 3007 1244 3037 etiam
1269 3004 1460 3038 Suetonius
1478 3004 1562 3038 Ner.
1587 3006 1643 3039 42.
