1968 3268
198 131 223 169 2
372 121 375 123 ’
965 128 1086 173 Caput
1107 127 1136 162 I.

311 243 340 287 2
366 245 423 285 L.
446 244 627 285 Cornelio
657 244 702 283 L.
734 244 760 282 f.
793 243 924 295 Scipio
951 240 958 296 Ι
983 242 1129 290 aidiles,
1160 242 1280 290 cosol,
1311 254 1437 282 cesor.

312 321 442 356 Romae
465 333 538 365 rep.
561 332 635 354 una
668 331 747 354 cum
770 320 814 354 Ν.
833 320 869 361 4,
905 329 1001 352 nune
1025 321 1064 352 in
1086 329 1204 352 museo
1230 318 1409 353 Vaticano
1444 320 1536 364 lapis
1569 321 1700 355 litter-is
1730 321 1905 362 miniatis,

200 389 272 412 non
295 380 419 412 incisis
444 378 481 419 (I
499 377 555 412 54.
581 377 635 410 VI
654 376 760 418 42865
783 375 920 409 Bitschl
942 377 1012 408 tab.
1035 374 1224 409 XXXVIII
1229 376 1280 417 d).

313 457 342 500 3
501 458 616 497 Honc
646 457 738 496 oino
769 456 963 508 ploirume
993 455 1238 495 cosentiont¹
1268 452 1464 510 R[omai²]

501 526 681 565 duonoro
713 529 876 575 optumo
907 523 1006 563 fuise
1036 523 1154 571 viro³,

501 592 663 631 Luciom
696 591 894 643 Scipione.
954 590 1097 630 Filios⁴
1128 589 1304 638 Barbati,

500 659 658 707 consol,
689 670 842 707 censor,
874 658 1000 697 aidilis
1029 658 1093 697 hic
1122 658 1206 697 fuet
1235 655 1359 713 a[pud
1387 655 1485 712 vos].

457 734 476 765 5
500 727 582 766 Hec
612 726 718 778 cepit
748 725 904 765 Corsica
935 719 1142 777 Aleriaque
1172 725 1308 774 urbe⁵,

501 794 616 833 dedet
644 793 969 845 Tempestatebus
999 794 1085 833 aide
1115 793 1290 833 mereto⁶
1312 821 1452 831 .....

314 870 445 903 Romae
467 881 540 913 rep.
565 871 684 903 eodem
709 871 785 904 loeo
811 881 879 913 quo
903 869 948 904 N.
973 871 1008 911 2,
1033 871 1095 904 sed
1116 872 1229 904 multo
1254 873 1337 903 ante
1362 873 1474 910 (anno
1491 869 1602 912 4644),
1629 879 1726 903 nunc
1748 871 1788 903 in
1811 870 1908 904 aedi-

202 928 265 960 bus
287 927 582 969 Barberinorum,
607 927 728 960 tabula
752 938 798 959 eoe
823 927 940 969 lapide
960 927 1099 960 Albano
1119 927 1226 967 (152.
1254 927 1307 960 VI
1321 926 1407 959 4287
1414 937 1428 966 ,·
1450 925 1590 959 Ritu-121
1611 927 1681 960 tab.
1697 925 1911 969 XXXVIII).

200 1002 245 1008 —
263 982 412 1016 Carmen
428 984 481 1015 ita
495 985 668 1025 scriptum
686 986 738 1015 est
753 985 795 1015 ut
815 983 953 1025 singuli
970 993 1091 1016 versus
1110 983 1275 1016 Saturnii
1298 984 1406 1015 etiam
1432 983 1473 1014 in
1497 980 1615 1025 lapide
1629 982 1791 1026 singulos
1806 993 1910 1016 oceu-

197 1041 287 1082 pent
301 1049 431 1072 versus.
471 1038 646 1072 Numeros
663 1041 877 1071 constituere
894 1041 1016 1072 eonati
1032 1042 1116 1072 sunt
1130 1038 1268 1072 Bitschl
1281 1049 1369 1072 mus.
1387 1037 1496 1073 Rhea.
1506 1040 1529 1072 9
1538 1049 1574 1082 p.
1586 1040 1607 1072 6
1620 1049 1690 1081 seq.
1703 1053 1748 1067 =
1761 1049 1878 1082 opusc.
1890 1041 1911 1073 4

197 1106 232 1138 p.
245 1095 402 1138 213seq„
425 1095 619 1128 Buecheler
640 1095 713 1130 ind.
737 1095 846 1128 schol.
865 1095 976 1128 Bonn.
996 1096 1080 1129 4876
1101 1098 1186 1128 aest.
1208 1106 1244 1138 p.
1259 1097 1292 1136 6,
1316 1094 1500 1136 Woelfflin
1515 1089 1631 1128 'revue
1656 1094 1699 1127 de
1717 1093 1808 1138 phil.
1824 1094 1910 1128 4890

197 1162 233 1194 Ρ.
247 1151 322 1185 445.
346 1169 391 1176 -
418 1151 456 1186 L.
476 1151 660 1184 Cornelius
677 1151 717 1185 L.
734 1153 886 1186 Barbati
899 1151 929 1192 f.
947 1153 1069 1195 Scipio
1094 1152 1221 1184 consul
1243 1163 1277 1185 a.
1289 1153 1353 1185 495
1372 1151 1553 1185 Corsicam
1576 1153 1670 1194 cepit
1682 1150 1911 1193 Atat-iamque

201 1207 328 1248 diruit,
346 1207 388 1240 de
408 1207 535 1240 Sardis
554 1207 671 1241 Corsis=
688 1208 814 1241 Poenis
830 1209 1070 1252 triumphavit
1086 1207 1237 1247 (Zonar.
1254 1209 1289 1249 8,
1304 1207 1367 1248 44,·
1382 1208 1483 1243 Flor.
1498 1208 1530 1251 4,
1545 1209 1600 1250 48,
1615 1207 1676 1248 46,·
1691 1205 1777 1247 fast.
1795 1206 1910 1249 Capit.

203 1264 392 1306 triumph„
426 1263 483 1305 al.‚
509 1262 556 1303 cf:
581 1263 651 1297 Mo.
678 1264 713 1299 C.
740 1265 760 1297 I
776 1275 812 1307 p.
830 1265 908 1307 48),
940 1275 1062 1298 censor
1093 1263 1168 1304 fuit
1191 1274 1224 1298 a.
1246 1265 1310 1298 496
1335 1263 1435 1304 (fast.
1460 1264 1573 1308 Cap..)
1595 1283 1642 1290 —
1681 1266 1713 1306 1)
1736 1263 1914 1298 Similiter·

198 1314 325 1353 ‘unum
356 1321 450 1352 hunc
479 1320 658 1363 plurimae
689 1323 916 1354 consentiunt
933 1324 1059 1363 gentes
1078 1319 1204 1363 populi
1224 1321 1441 1363 primarium
1463 1319 1578 1360 fuisse
1599 1313 1738 1354 virum?
1762 1321 1915 1354 habebat

203 1386 345 1409 carmen
361 1377 513 1408 incisum
533 1378 572 1409 in
588 1377 750 1419 sepulcro
767 1378 812 1411 A.
824 1378 930 1410 Atilii
947 1377 1105 1411 Calatini
1121 1377 1275 1410 consulis
1291 1388 1324 1412 a.
1340 1378 1413 1411 496.
1427 1378 1494 1410 500
1507 1377 1595 1418 (Cic.
1614 1377 1689 1411 Cat.
1704 1378 1791 1411 mai.
1805 1376 1857 1419 47,
1869 1377 1910 1411 64

203 1430 251 1471 cf.
269 1432 311 1465 de
326 1431 388 1472 fin.
405 1433 440 1474 2,
455 1433 514 1474 53,
530 1432 619 1474 446).
643 1451 689 1458 —-
705 1434 739 1476 2)
756 1433 898 1467 Romani
924 1434 978 1466 vel
994 1433 1145 1467 Romane
1168 1432 1422 1476 suppleverunt
1439 1432 1691 1474 Grotefendius
1715 1436 1751 1466 et
1764 1433 1910 1467 Momm-

201 1498 323 1529 senus,
353 1486 480 1521 Romae
504 1488 559 1521 vel
584 1488 702 1522 Romai
727 1489 939 1523 sirmondus
961 1493 996 1522 et
1018 1489 1241 1523 Bitschelim.
1266 1509 1310 1513 —
1335 1491 1370 1531 3)
1394 1490 1479 1523 Post
1501 1489 1574 1523 viro
1597 1489 1776 1532 supplevit
1796 1489 1912 1523 viroro

203 1543 415 1577 Bitschelius
433 1545 641 1587 (praeeunte
659 1544 904 1588 Grotefendio)
928 1549 1034 1579 metri
1058 1557 1176 1588 eausa,
1200 1546 1263 1578 sed
1285 1544 1498 1588 refragante
1521 1546 1650 1589 lapide,
1674 1547 1737 1589 qui
1757 1546 1912 1589 spatium

204 1597 357 1633 vacuum
381 1600 441 1633 illo
469 1601 544 1634 loeo
565 1603 734 1643 praebet;
757 1613 898 1635 cereum
917 1604 968 1635 ita
985 1605 1027 1635 ut
1042 1603 1198 1636 traditus
1221 1605 1273 1635 est
1289 1604 1436 1635 tuentur
1451 1601 1645 1636 Buecheler
1660 1604 1696 1635 et
1714 1598 1913 1642 Woelfflin.
1964 1640 1966 1643 v

203 1675 249 1681 -
273 1658 307 1697 4)
331 1655 437 1689 fiiiom
461 1658 609 1699 flagitat
635 1656 837 1700 Woelfflin,
868 1660 1020 1701 iungens
1045 1669 1124 1692 eum
1148 1660 1199 1691 eis
1223 1669 1313 1702 quae
1336 1657 1556 1701 praecedunt
1577 1675 1624 1683 —
1646 1660 1681 1700 5)
1704 1656 1912 1701 pugnaudod

205 1712 348 1745 addidit
363 1711 498 1745 Ritschl
521 1723 640 1755 opusc.
657 1715 676 1746 4
690 1724 726 1756 p.
741 1714 820 1756 245,
845 1714 952 1747 clasid
968 1715 1172 1757 Buecheler,
1196 1717 1260 1758 qui
1284 1724 1423 1747 versum
1449 1716 1556 1747 etiam
1569 1715 1648 1747 sine
1669 1714 1912 1749 additamento
1955 1730 1958 1750 :

205 1767 351 1808 defendi
372 1779 474 1811 posse
493 1771 599 1810 putat
624 1770 692 1809 (ita
716 1772 823 1803 etiam
850 1769 1036 1811 Woelfflin
1057 1782 1094 1814 p.
1119 1771 1210 1811 445).
1234 1790 1278 1795 -
1303 1772 1336 1812 6)
1361 1770 1511 1803 Versum
1534 1771 1588 1804 ita
1619 1773 1661 1804 ut
1684 1770 1840 1804 traditus
1861 1773 1916 1804 eet
1956 1784 1960 1786 ·

206 1827 325 1857 tuetur
346 1823 540 1865 Woelfflin,
565 1828 693 1858 mereto
717 1825 873 1859 lubenter
896 1826 1101 1869 Grotefend,
1131 1825 1280 1860 meretod
1306 1829 1424 1860 votam
1449 1825 1586 1860 flitselel
1607 1837 1729 1870 opusc.
1744 1828 1765 1860 4
1784 1815 1912 1875 Ρ.ξ47.

206 1881 337 1914 Aedem
366 1880 638 1923 Tempestatium
663 1892 685 1913 a
710 1881 876 1924 Scipione
900 1886 1017 1915 votam
1042 1886 1215 1916 memorat
1238 1884 1344 1916 etiam
1372 1881 1470 1915 Ouid.
1494 1880 1581 1922 fact.
1596 1883 1720 1926 63195.

320 1993 352 2036 4
511 1994 611 2041 Quei
641 1995 752 2046 apice
782 1995 938 2049 insigne
967 1995 1107 2052 Diai[is
1135 1993 1328 2050 slJaminis
1357 1996 1534 2048 gesistei,
1560 1993 1567 2050 Ι

506 2074 613 2102 mors
642 2060 841 2119 perfe[eit]
875 2070 941 2104 tua
971 2070 1015 2104 ut
1045 2070 1177 2103 essent
1207 2063 1339 2103 omnia
1365 2061 1370 2116 Ι
1398 2063 1550 2112 brevia,

508 2130 636 2170 honos
665 2131 766 2170 fama
795 2131 996 2183 virtusque
1022 2130 1029 2185 Ι
1055 2131 1180 2183 gloria
1209 2136 1326 2182 atque
1356 2130 1582 2183 ingenium,

509 2197 654 2249 quibus
683 2198 739 2237 sei
765 2196 772 2252 Ι
799 2198 837 2238 in
869 2198 988 2250 longa
1018 2195 1210 2254 licu[ijset
1241 2198 1319 2238 tibe
1349 2198 1454 2238 utier
1481 2198 1558 2238 vita
1581 2195 1611 2253 Ι,

468 2272 487 2304 5
508 2265 620 2305 facile
649 2266 786 2306 facteis
815 2278 1021 2318 superases
1050 2266 1212 2318 gloriam
1239 2264 1246 2320 Ι
1273 2266 1480 2306 maiorum.

510 2345 631 2384 quare
660 2333 802 2373 lubens
833 2338 870 2373 te
899 2333 940 2373 in
971 2332 1170 2388 gremiu‚'{
1199 2333 1344 2386 Scipio,
1374 2329 1557 2389 recip[i]t

510 2407 629 2448 terra,
660 2400 794 2450 Publi,
824 2399 830 2455 Ι
856 2408 1093 2453 prognatum
1124 2401 1276 2450 Publio,
1309 2400 1478 2441 Corneli.

326 2474 456 2508 Romae
479 2486 552 2518 rep.
577 2487 650 2510 una
675 2488 754 2509 eum
777 2476 823 2511 Ν.
840 2478 871 2519 4,
907 2478 1049 2511 tabulae
1073 2489 1163 2521 quae
1187 2479 1272 2511 olim
1295 2478 1490 2519 effecerunt
1509 2473 1666 2516 frontem
1688 2475 1920 2520 sarcophagi,

209 2541 305 2564 nunc
338 2532 378 2564 in
411 2541 528 2564 museo
556 2533 732 2566 Vaticano
757 2534 794 2573 (I
812 2535 871 2567 53.
899 2534 951 2568 VI
971 2534 1074 2575 428&
1105 2533 1242 2567 Bitschl
1273 2535 1342 2567 tab.
1366 2529 1562 2572 XXXIXJ).
1593 2549 1636 2556 -
1669 2531 1726 2564 De
1758 2532 1874 2565 earm·

211 2588 290 2629 egit
307 2587 499 2620 Buecheler
523 2588 597 2621 ind.
621 2589 729 2622 schol.
746 2590 874 2623 Bonn.·
884 2590 967 2623 4876
991 2593 1076 2624 aest.
1091 2601 1126 2633 p.
1142 2592 1175 2623 8.
1200 2609 1241 2614 —
1267 2590 1304 2623 P.
1325 2588 1508 2623 Cornelius
1524 2588 1560 2622 P.
1577 2586 1606 2627 f.
1631 2586 1764 2630 Scipio,

210 2643 346 2683 Dialis,
379 2644 518 2676 iuvenis
548 2642 752 2687 defunctus,
784 2645 872 2678 alibi
899 2656 973 2678 non
1004 2649 1224 2678 memoratur
1254 2647 1293 2685 (a
1324 2644 1508 2678 nonnullis
1533 2646 1689 2686 putatur
1717 2654 1790 2677 me

210 2697 384 2738 Africani
408 2700 556 2732 maioris
579 2704 794 2733 memoratus
809 2712 831 2733 α
850 2701 919 2735 Cic.
939 2701 1022 2735 Cato
1048 2704 1131 2735 mai.
1151 2702 1203 2744 44,
1218 2702 1276 2743 55,
1301 2702 1344 2734 de
1369 2701 1439 2743 offl—
1452 2700 1484 2741 4,
1497 2700 1559 2742 35,
1574 2699 1652 2742 424,
1676 2698 1780 2747 Brut.
1795 2699 1849 2742 49,

213 2755 246 2788 V
246 2755 300 2789 eil.
317 2755 349 2797 4,
364 2756 433 2795 40).

324 2866 353 2910 5
396 2869 440 2908 L.
472 2868 641 2908 Corneli.
673 2868 715 2909 L.
748 2870 773 2908 s.
796 2869 838 2908 P.
862 2866 933 2924 [m]
964 2867 970 2923 Ι
997 2870 1140 2922 Scipio,
1172 2871 1326 2922 quaist„
1352 2869 1360 2924 Ι
1384 2876 1435 2910 tr.
1467 2869 1559 2919 mil„
1589 2847 1717 2909 annos
1741 2868 1748 2922 Ι
1773 2880 1852 2920 gna

212 2934 372 2974 XXXIII
398 2934 404 2988 Ι
430 2941 621 2975 mortuos.
654 2935 768 2975 Pater
793 2935 800 2989 Ι
825 2948 957 2987 regem
988 2937 1154 2977 Antioco
1181 2936 1188 2992 Ι
1214 2937 1382 2991 subegit.

325 3009 455 3043 Romae
485 3022 559 3054 rep.
589 3013 628 3044 in
659 3012 820 3055 sepulcro
851 3012 1075 3055 Scipionum,
1108 3014 1230 3047 tabula
1263 3025 1309 3047 esc
1337 3013 1562 3057 sarcophago
1593 3013 1766 3057 tophaceo
1797 3010 1880 3053 (13
