1968 3268
465 133 582 169 Tituli
610 133 869 179 Mperatorum
893 131 1092 177 domusque
1112 129 1384 177 imperatoriae.
1698 127 1779 166 155

73 249 231 284 Faustae
251 247 472 282 Maximiani
494 247 594 288 filiae
618 247 669 291 (a.
690 247 792 292 307),
821 249 986 280 manente
1007 246 1201 280 eoncordia
1222 247 1322 279 inter·
1342 244 1609 279 Maximianum
1632 247 1668 278 et
1690 244 1780 278 Gon-

71 307 292 347 stantinum3
312 307 390 338 eino
414 305 522 338 dubio
545 306 682 337 incisus
704 307 758 338 est
785 307 868 337 ante
897 306 1047 338 mortem
1067 302 1287 336 Maximiani
1319 300 1369 345 (a.
1392 301 1495 346 340),
1526 311 1596 344 quo
1624 303 1782 345 tempore
1841 344 1848 350 '

72 372 203 396 nomen
225 363 302 396 eim
322 372 450 396 rursus
472 373 519 395 ea:
542 362 609 395 Ιιοσ
630 363 709 405 ipso
733 361 838 394 titulo
860 360 1040 393 sublatum
1062 362 1116 392 est
1138 357 1203 402 (ef.
1226 368 1339 402 supra
1359 357 1407 392 N.
1428 359 1496 392 65⁷0
1518 360 1594 391 not.
1609 358 1660 402 4).

152 458 154 460 ’
186 451 271 498 685
315 453 576 494 Constantino
602 451 610 508 Ι
634 452 766 493 fidem.

188 521 232 554 In
256 520 374 553 anulis
397 521 519 553 aureis
541 521 670 562 magni
691 519 848 562 moduli,
879 520 943 562 qui
964 518 1120 562 reperiri
1139 517 1257 551 solent
1272 518 1500 560 potissimum
1522 518 1563 549 in
1590 515 1783 550 Ger-mania

79 577 204 621 (unius
218 579 339 619 imago
356 580 408 609 ost
422 575 487 610 1111.
502 577 624 610 Jahrb.
639 576 696 617 75,
718 576 809 610 4882
822 586 859 619 ρ.
873 576 928 618 84,
945 577 1135 618 praeterea
1150 573 1352 608 Brambaelt
1368 574 1454 615 492,·
1475 572 1785 617 Korrespondenz·

77 633 177 667 Blau
199 633 263 667 der
287 633 420 668 Westd.
444 633 620 666 Zeitsehr.
645 633 666 665 I
680 642 720 675 p.
743 633 802 673 55,
825 631 883 664 111
899 642 937 675 p.
959 631 1039 675 52),
1068 641 1164 664 unus
1192 641 1268 673 rep.
1292 632 1345 663 est
1367 629 1496 664 Sirmii
1519 630 1595 674 (III
1612 630 1709 671 6049,
1731 630 1782 674 4).

188 723 275 770 686
317 738 421 778 pons
450 725 568 766 Mulvi
579 725 604 773 ¹,
631 722 637 777 Ι
665 723 859 776 expeditio
887 720 894 776 Ι
918 722 1168 775 imperatoris
1193 721 1200 777 Ι
1226 718 1551 778 [Co]n[stantim‘].

190 792 383 826 Caesareae
396 786 646 824 Mani-azaniae
662 789 785 833 (hodio
801 789 986 833 Cher-chel)
1011 800 1098 833 rep„
1120 787 1367 832 fragmentum
1384 789 1527 822 tabulae
1544 788 1654 832 (VIII
1664 787 1786 830 9556),

77 850 118 882 in
134 858 206 892 qua
219 849 448 892 scariphatae
462 849 567 881 erant
581 848 707 880 variae
720 857 778 880 res
793 846 843 879 ad
862 847 1081 890 triumphum
1099 845 1328 880 Constantini
1336 849 1423 888 poet
1444 846 1622 879 devictum
1636 845 1788 878 Maxen-

76 907 167 938 tium
186 906 402 949 pertinentes
426 903 635 947 (supersunt
656 905 728 936 viri
744 902 911 945 laureati,
933 913 1028 936 unus
1051 913 1131 936 cum
1153 913 1256 936 ramo
1273 903 1372 936 oleae
1378 915 1392 944 ,-
1414 902 1483 935 alii
1503 904 1579 935 viri
1597 904 1786 945 portantes

75 963 270 1004 imaginem
287 963 422 1004 pontis,
443 971 510 1004 per
532 970 636 1004 quem
659 962 847 993 transeunt
864 959 995 993 milites
1018 959 1244 1003 eun-usque).
1260 978 1303 983 ——
1322 960 1354 1001 1)
1371 958 1433 993 Ad
1449 964 1595 1003 pontem
1609 959 1786 993 Mulvium

70 1029 189 1063 prope
209 1019 331 1052 urbem
353 1016 502 1051 Romam
521 1019 631 1061 per-iit
653 1016 861 1050 Maxentius
880 1018 997 1050 vietus
1020 1028 1042 1050 a
1068 1016 1302 1051 Constantino
1324 1027 1442 1050 mense
1467 1017 1541 1052 Oet.
1563 1018 1645 1052 512.

187 1108 275 1156 687
316 1109 534 1150 restitutori
567 1109 750 1162 publicae
776 1111 782 1159 Ι
808 1109 1019 1159 libertatis,
1057 1110 1258 1151 defensori
1293 1107 1299 1162 Ι
1324 1109 1436 1151 urbis
1464 1110 1636 1160 Romae,
1673 1123 1787 1151 com-

76 1179 209 1220 munis
243 1176 250 1232 Ι
282 1178 460 1219 omnium
494 1178 630 1219 salutis
660 1178 832 1227 auctori,
867 1178 873 1232 Ι
908 1178 946 1218 d.
983 1191 1023 1218 n.
1053 1179 1148 1231 imp.
1180 1178 1237 1218 Fl.
1268 1178 1351 1219 Val.
1383 1178 1646 1219 Constantino
1680 1177 1687 1232 Ι
1720 1179 1786 1232 pio

76 1247 179 1288 felici
208 1246 354 1287 invicto
374 1254 533 1299 semper
551 1247 664 1299 Aug„
683 1244 689 1302 Ι
711 1247 881 1287 codicari
902 1245 1119 1287 nabiculari
1145 1245 1151 1300 Ι
1179 1247 1429 1294 infernates¹‚
1459 1247 1590 1287 devoti
1610 1259 1651 1287 n.
1672 1260 1725 1290 m.
1748 1260 1787 1300 q.

77 1316 174 1364 eius,
200 1313 207 1368 Ι
234 1320 399 1355 curante
427 1314 522 1354 Aur.
554 1314 779 1354 Victoriano
808 1327 844 1354 v,
874 1327 929 1367 p.‚
955 1314 961 1369 Ι
988 1315 1112 1367 praef.
1143 1315 1256 1355 ann.2

192 1381 299 1415 Ostiis
327 1380 474 1414 Romam
505 1381 617 1414 allata
650 1380 759 1424 (XIV
774 1381 837 1416 454
868 1381 1058 1425 aliquoties
1088 1382 1267 1425 descripta
1296 1392 1388 1418 saec.
1418 1381 1508 1416 XVI
1532 1382 1713 1426 exeunte).
1741 1401 1788 1406 —

80 1439 114 1481 1)
137 1439 191 1471 De
218 1438 413 1471 codic-anis
441 1437 681 1470 naviculariis
711 1436 758 1477 cll
784 1437 821 1472 C.
844 1437 934 1471 XIV
952 1438 975 1471 l.
1000 1448 1028 1472 e.
1058 1457 1105 1463 —
1137 1439 1171 1479 2)
1195 1438 1285 1472 Viro
1315 1436 1576 1482 perfectissimo
1599 1437 1788 1482 praefecto

78 1504 252 1528 annonae.

190 1583 278 1630 Q
319 1585 594 1637 triumphatori
626 1586 803 1625 omnium
833 1586 1010 1638 gentium
1040 1599 1084 1626 ac
1114 1587 1300 1627 domitori
1331 1584 1617 1643 universaru[m
1645 1587 1789 1638 factio-

78 1650 209 1710 num]‚
235 1651 243 1707 Ι
268 1649 367 1709 q[u]i
397 1652 617 1693 libertatem
648 1653 824 1694 tenebris
853 1654 1051 1694 servitutis
1081 1667 1312 1707 oppressam
1341 1667 1411 1695 sua
1441 1655 1544 1695 felici
1574 1652 1749 1711 vi[ctor1·a

78 1717 195 1777 nova]
223 1721 313 1762 luce
341 1720 610 1769 inluminavit,
651 1717 716 1776 [d.]
758 1734 796 1760 n.
828 1721 958 1761 Flavio
989 1721 1143 1762 Valerio
1174 1719 1462 1779 Constant[ino]
1490 1720 1496 1778 Ι
1522 1724 1692 1764 maximo
1721 1724 1788 1777 pio

79 1789 183 1830 felici
212 1789 358 1830 invicto
378 1790 478 1840 Aug.
506 1788 512 1842 Ι
540 1819 550 1829 .
573 1819 582 1828 .
603 1801 648 1828 va
671 1819 680 1828 .
705 1819 714 1828 .
738 1820 747 1829 .
770 1820 779 1829 .
803 1820 812 1829 .
844 1786 895 1845 [v.
911 1787 969 1846 p.]
995 1803 1035 1842 p.
1055 1803 1095 1843 p.
1116 1791 1187 1830 N.¹
1219 1791 1374 1831 numini
1402 1791 1674 1844 maiestatique
1704 1792 1790 1832 eius

80 1858 218 1898 devota
247 1853 384 1912 [mente
412 1854 587 1913 dicatus}

196 1923 315 1957 Cir-tae
338 1923 605 1969 (Constantine)
632 1924 738 1967 (VIII
758 1926 853 1968 7006,
874 1927 1015 1968 partem
1037 1925 1131 1958 vidit
1157 1925 1386 1969 Wilmanns).
1410 1945 1456 1952 —·
1483 1928 1515 1969 1)
1538 1927 1683 1961 Ptaeses
1703 1937 1792 1971 pro-

80 1981 221 2013 vinciae
243 1978 446 2014 Numidiae.

194 2069 278 2115 θῶ
321 2071 672 2126 providenjtissimo
695 2079 733 2112 et
759 2073 764 2128 Ι
792 2086 882 2114 cum
903 2072 1000 2113 orbe
1022 2072 1028 2128 Ι
1051 2087 1123 2114 suo
1144 2074 1304 2127 reddilta
1325 2075 1516 2130 liber-talte
1536 2077 1758 2117 triumfanti
1783 2075 1788 2131 Ι

83 2139 120 2178 d.
153 2151 192 2178 n.
222 2151 335 2191 perp.
366 2139 461 2192 imp.
492 2140 548 2180 Fl.
581 2140 660 2180 Val.
690 2140 694 2194 Ι
722 2141 981 2182 Constantino
1015 2144 1021 2192 Ι
1048 2143 1180 2183 invict.
1216 2156 1255 2196 p.
1287 2145 1313 2184 s.
1343 2145 1443 2196 Aug.
1470 2143 1476 2198 Ι
1502 2145 1662 2194 victori,
1694 2144 1701 2199 Ι
1727 2158 1791 2186 res

81 2219 120 2260 p.
153 2219 186 2246 c.
218 2206 262 2246 L.
293 2207 335 2246 f.¹

198 2273 383 2307 Lambaen·
413 2276 453 2307 in
482 2273 564 2313 s'oro
590 2274 696 2317 (VIII
717 2275 825 2318 2721,
854 2275 947 2308 vidit
974 2276 1200 2321 Wilmanns).
1232 2297 1275 2302 -—
1309 2280 1342 2319 1)
1365 2278 1432 2311 Bes
1452 2279 1597 2322 publica
1629 2279 1792 2312 coloniae

82 2330 439 2365 Lambaesitanorum
462 2330 559 2371 fecit.
580 2350 624 2355 ·—
640 2331 772 2364 Eodem
798 2332 873 2365 loeo
897 2343 1012 2375 nuper·
1032 2333 1171 2375 prodiit
1194 2335 1308 2367 altera
1333 2336 1426 2367 basis
1448 2335 1574 2367 iisdem
1597 2336 1714 2368 verbis
1736 2337 1791 2368 in—

83 2389 230 2430 scripta,
253 2389 328 2421 nin·
350 2388 447 2431 quod
469 2388 545 2421 loco
569 2389 753 2420 nominum
777 2387 826 2422 Fl.
843 2387 919 2422 Val.
937 2389 1159 2423 Constantino
1184 2390 1354 2432 leguntur
1375 2392 1483 2424 verba
1507 2390 1608 2432 Gaul.
1626 2389 1788 2436 Valerio}

85 2443 279 2478 Constantis
298 2444 305 2487 Ι
326 2444 495 2486 Caesaris,
528 2454 573 2476 σω
607 2444 662 2476 his
686 2443 880 2478 Constantis
905 2445 1057 2478 Caesaris
1084 2448 1241 2488 reposita
1264 2447 1304 2479 in
1328 2447 1441 2480 litura
1466 2447 1573 2491 (Eph.
1596 2450 1631 2491 5,
1653 2449 1717 2483 765
1742 2447 1791 2488 ef.

82 2499 115 2543 7,
130 2501 225 2544 578).
264 2501 432 2534 Fortasse
455 2502 540 2533 haec
564 2501 659 2533 basis
682 2500 843 2533 dedicata
866 2499 942 2540 fuit
956 2500 1158 2536 Maximino
1174 2503 1298 2536 Dazan
1314 2502 1380 2547 (cf.
1396 2504 1440 2539 N.
1456 2506 1562 2550 665);
1587 2505 1791 2539 Constantis

83 2566 212 2589 nomen
235 2559 352 2590 neseio
378 2567 447 2599 quo
472 2559 630 2600 tempore
651 2559 816 2599 imperite
838 2559 1017 2590 intrusum
1040 2562 1092 2591 est
1116 2558 1200 2601 (Mo.
1202 2560 1232 2603 ).

200 2656 285 2703 690
327 2656 537 2715 [do]mino¹
569 2660 715 2699 triumfi
741 2656 941 2713 lilbertatis
971 2668 1180 2710 eunom-o,
1208 2661 1214 2717 Ι
1241 2664 1455 2704 restitutori
1486 2663 1652 2717 invicktis
1682 2665 1791 2705 labo·

86 2725 196 2767 ribus
216 2727 296 2767 suis
319 2725 325 2781 Ι
346 2727 586 2780 privatorum
609 2733 646 2766 et
664 2724 867 2780 {publicae
890 2726 894 2782 Ι
917 2728 1063 2777 salutis,
1084 2730 1147 2770 L.2
1167 2730 1296 2772 Flavio
1318 2732 1469 2772 Valerio
1497 2731 1503 2785 Ι
1531 2732 1790 2772 Constantino

88 2791 292 2846 perlpetuo
318 2807 485 2847 semper,
516 2796 614 2847 Aug.
637 2807 668 2833 r.
692 2808 729 2847 p.
759 2792 764 2846 Ι
790 2795 863 2835 eol.
885 2796 931 2836 U.
954 2797 1022 2837 m.³
1044 2798 1272 2839 devotorum
1302 2797 1307 2852 Ι
1336 2800 1488 2839 numini
1510 2798 1790 2854 maiestatilque

89 2860 173 2900 eius
201 2861 241 2900 in
273 2867 489 2902 aeternum.

203 2926 244 2959 In
273 2930 461 2969 provincia
488 2928 616 2968 Africa
650 2930 687 2960 in
719 2929 909 2963 ruderibus
941 2931 1064 2974 oppleti
1094 2931 1157 2967 Uei
1187 2934 1336 2965 maioris
1361 2932 1468 2975 (Eplz.
1495 2943 1547 2975 ep.
1570 2934 1602 2975 7,
1624 2934 1722 2976 275).
1747 2953 1790 2958 —

91 2982 125 3023 1)
148 2981 334 3026 Supplevit
359 2984 481 3018 Tissot.
508 3005 550 3009 —
578 2986 611 3027 2)
635 2985 696 3019 Sic
726 2985 840 3027 lapis;
871 2986 961 3019 alibi
985 2987 1238 3021 Constantinus
1269 2988 1474 3031 appellatur
1496 2987 1540 3022 Μ.
1570 2989 1679 3032 (VIII
1690 2989 1790 3033 4784)

90 3037 147 3069 vel
168 3037 203 3073 G.
229 3038 336 3081 (VIII
354 3041 451 3074 9042.
475 3041 618 3084 40064),·
642 3043 726 3084 ipse,
751 3043 894 3076 testibus
918 3043 1033 3076 titulis
1056 3047 1222 3077 accurate
1245 3046 1410 3088 scriptis,
1431 3047 1472 3077 ut
1495 3047 1566 3078 iam
1588 3049 1694 3089 pater
1717 3048 1793 3079 eius
