1968 3268
133 140 187 178 84
400 112 418 129 ·.
893 141 1012 185 Caput
1034 140 1081 175 II.

133 255 310 289 Paulinae
333 259 463 290 eoetant
486 255 585 288 tituli
604 254 738 288 Graece
759 257 899 299 scripti,
923 254 1099 288 Cretensis
1122 264 1179 297 ap.
1198 252 1374 287 Halotum·
1397 251 1518 286 Museo
1541 253 1618 286 ital.
1643 253 1682 287 di
1706 254 1840 287 antica.

132 312 233 347 class.
259 314 295 354 5,
319 313 406 347 4890
427 323 466 356 p.
487 314 562 355 669,
585 312 817 355 Pamphylius
840 310 1220 352 Lebas-Waddington
1243 309 1342 344 4560.

247 401 333 448 326
378 403 559 444 Matidiae
586 402 592 456 Ι
618 403 732 454 Aug.¹
760 401 767 455 Ι
793 401 873 441 Fel.
895 397 1162 453 lul.'Oiisip0²
1178 397 1184 454 Ι
1202 412 1275 453 per
1292 398 1298 454 Ι
1317 401 1364 448 Q.
1386 400 1602 440 Antonium
1620 398 1626 455 Ι
1644 399 1810 448 Gallum,
1833 398 1838 454 Ι

132 471 177 511 Τ.
209 471 397 512 Marcium
429 471 670 511 Marcianum
697 468 704 524 Ι
730 469 846 509 llvir.

249 537 430 581 olisipone
455 537 621 581 (Lisboa)
645 536 753 569 semel
775 536 955 578 descripta
977 544 1066 567 saec.
1085 533 1173 567 XVI
1185 534 1241 574 (II
1252 535 1370 577 4995).
1387 553 1430 558 —-
1451 535 1483 576 1)
1501 533 1555 574 Cf.
1571 532 1616 568 Ν.
1632 534 1703 569 527
1717 537 1791 567 not.
1807 535 1842 567 2·

133 612 176 618 -
203 595 236 636 2)
259 594 433 628 Felicitas
457 593 553 626 Iulia
579 592 713 636 Olisipo
738 591 785 632 cf.
810 590 855 624 Ν.
871 592 955 625 525.

246 683 331 729 327
375 683 555 723 Matidiae
581 684 587 737 Ι
614 683 723 723 divae
745 682 965 723 Marcianae
991 680 998 734 Ι
1027 678 1176 737 [A]ug.¹
1209 657 1331 734 nepti,
1362 681 1472 722 divae
1498 681 1505 735 Ι
1529 681 1708 722 Matidiae
1729 681 1846 733 Aug?

133 752 183 800 f.‚
221 751 330 791 divae
365 750 371 805 Ι
399 750 570 792 Sabinae
600 751 699 803 Aug.
731 749 880 797 sorori,
918 750 924 799 Ι
959 749 1053 801 imp.
1090 749 1280 789 Antonini
1316 750 1415 802 Aug.
1446 748 1504 789 Pii
1537 747 1545 802 Ι
1578 749 1844 798 materterae³‚

132 819 226 859 bule
257 824 296 859 et
325 819 461 860 civitas
487 817 493 873 Ι
519 819 753 867 Efesiorum,
780 817 786 872 Ι
814 830 847 857 c.
879 817 933 856 a.⁴
963 817 1153 857 Successo
1182 817 1250 856 lib.
1280 821 1390 869 proc.

245 885 378 928 Ephesi
401 896 475 929 rep.
501 885 576 929 (III
596 885 632 920 S.
654 884 776 928 7425).
823 883 916 916 Huic
938 882 1127 925 Matidiae,
1160 883 1261 926 apud
1288 885 1482 926 scriptores
1510 892 1584 916 non
1615 887 1849 927 memoratae,

133 941 233 982 filiae
255 941 430 975 Matidiae
454 943 604 975 maioris
627 944 662 974 et
684 939 839 980 fortasse
863 939 904 973 L.
931 939 1030 973 Vibii
1060 939 1216 973 alicuius
1241 938 1306 983 (cll
1330 942 1404 973 not.
1427 939 1488 983 2),
1516 942 1706 982 praeterea
1733 941 1847 983 positi

132 1001 217 1031 sunt
248 998 347 1031 tituli
372 997 544 1041 Campani
573 997 609 1031 X
627 998 740 1032 5855.
771 995 997 1035 4744-4747,
1024 995 1209 1029 Vicetinus
1233 996 1271 1030 V
1287 996 1391 1037 5444,
1424 997 1656 1038 Augustanus
1679 996 1848 1038 1115807,

134 1056 167 1087 et
189 1053 346 1093 fortasse
361 1053 573 1087 Lanuvinus
591 1054 645 1087 VI
657 1053 742 1087 4007
762 1057 799 1086 et
812 1053 1038 1086 Dalmat-icus
1053 1052 1109 1085 III
1122 1052 1223 1086 2754.
1270 1052 1425 1086 Stemma
1442 1053 1518 1085 eius
1541 1052 1639 1085 dedit
1654 1051 1848 1086 Mommsen

135 1109 171 1144 C.
188 1109 224 1143 X
241 1121 277 1153 p.
293 1110 365 1144 467.
382 1129 427 1134 -
454 1112 487 1152 1)
516 1110 629 1143 Soror
661 1109 823 1152 Traiani,
847 1107 895 1148 cf.
911 1107 956 1142 N.
975 1109 1051 1142 298.
1076 1127 1120 1133 -—
1145 1109 1179 1151 2)
1203 1109 1267 1142 Est
1289 1119 1413 1141 socrus
1437 1108 1627 1151 Hadriani,
1650 1112 1847 1143 memorata

133 1167 174 1199 in
198 1169 272 1200 vita
296 1168 373 1199 eius
395 1176 424 1200 c.
447 1168 489 1207 5,
523 1170 729 1200 consecrata
753 1166 797 1199 ab
823 1176 863 1199 eo
887 1176 920 1198 a.
946 1164 1007 1198 449
1031 1163 1116 1207 (act.
1142 1165 1228 1198 Arv.
1249 1175 1284 1208 p.
1312 1164 1460 1198 CLVIII
1480 1163 1528 1204 cf:
1550 1175 1587 1208 p.
1605 1166 1652 1198 88
1674 1165 1850 1209 Henzen),

134 1224 175 1255 in
199 1224 302 1256 cuius
326 1224 497 1256 honorem
521 1224 649 1256 habuit
672 1222 728 1255 vel
748 1223 895 1265 scripsit
918 1222 1134 1262 orationem,
1163 1231 1255 1264 quae
1277 1223 1437 1264 superest
1467 1232 1514 1254 ea:
1539 1224 1644 1265 parte
1666 1223 1707 1255 in
1730 1220 1848 1265 lapide

139 1278 328 1313 Tiburtino
345 1278 435 1313 XIV
443 1279 545 1314 5579.
583 1278 792 1313 Notandum
816 1281 869 1311 est
891 1279 931 1310 in
955 1277 1071 1311 titulis
1095 1277 1168 1311 illis
1186 1277 1375 1320 Campanis
1391 1279 1553 1321 quamvis
1570 1281 1605 1311 et
1619 1279 1708 1321 ipsis
1719 1280 1850 1322 positis

135 1335 199 1368 diu
223 1338 309 1378 post
341 1337 643 1369 consecrationem
673 1335 865 1375 Matidiae,
896 1343 975 1367 eam
1004 1343 1078 1366 non
1109 1333 1184 1366 dici
1214 1333 1334 1366 divam
1366 1334 1585 1377 Angustam,
1617 1335 1680 1367 sed
1708 1338 1850 1368 tantum

134 1393 350 1435 Augustam.
394 1391 596 1426 Sacerdotes
621 1391 720 1425 divae
736 1389 898 1425 Matidiae
922 1389 1080 1430 feminae
1101 1391 1334 1433 reperiuntur
1348 1390 1508 1423 Arimini
1523 1389 1594 1434 (XI
1604 1391 1684 1436 445)
1703 1394 1739 1424 et
1752 1391 1851 1425 Comi

137 1448 189 1492 (V
202 1449 317 1486 5647).
364 1449 537 1483 Maritum
568 1449 676 1481 huius
699 1447 874 1481 Matidiae
904 1445 1017 1486 fuisse
1044 1445 1197 1489 aliquem
1221 1445 1262 1480 L.
1286 1445 1431 1480 Vibium
1454 1446 1674 1489 Borghesius
1691 1448 1850 1490 probare

135 1505 277 1538 studuit
308 1516 354 1538 eoe
387 1505 493 1538 titulo
525 1515 627 1547 quem
650 1504 686 1539 L.
710 1503 833 1537 Vibius
856 1503 944 1546 Aug.
969 1502 991 1536 l.
1016 1502 1137 1536 Florus
1163 1504 1286 1545 posuit
1309 1501 1418 1536 Vibiis
1449 1501 1634 1537 Sabiniano
1661 1502 1848 1538 Matidium

135 1559 341 1595 Matidianae
358 1561 474 1595 liberis
491 1560 564 1604 (VI
575 1560 717 1604 28804).
736 1579 781 1585 -
799 1562 833 1602 3)
849 1559 1043 1593 Mater-tera
1059 1559 1238 1592 Antonini
1261 1559 1399 1592 dicitur
1421 1558 1588 1602 Matidia,
1610 1562 1733 1603 utpote
1746 1571 1852 1595 soror

137 1617 294 1651 Sabinae
323 1619 454 1651 uxoris
486 1619 606 1661 patris
636 1619 713 1650 eius
743 1617 906 1660 adoptivi
914 1629 928 1657 ;
962 1626 1048 1649 sane
1078 1615 1154 1658 lege
1183 1625 1283 1648 uoeor
1313 1615 1519 1658 adoptantis
1553 1626 1626 1650 non
1660 1615 1706 1656 fit
1735 1619 1851 1651 mater·

138 1674 300 1717 adoptati
317 1673 404 1718 (Mo.
420 1673 452 1707 Χ
472 1685 509 1717 p.
525 1674 617 1718 467),
639 1673 702 1706 sed
718 1673 925 1706 Hadrianus
949 1675 984 1705 et
999 1672 1135 1706 Sabina
1156 1676 1324 1716 parentes
1345 1673 1525 1706 Antonini
1547 1673 1719 1706 dicuntur
1742 1675 1850 1708 etiam

137 1740 248 1773 supra
272 1729 318 1764 Ν.
341 1730 425 1764 522.
453 1749 494 1754 -
520 1731 554 1772 4)
580 1729 711 1763 Curam
735 1732 873 1770 agente.

251 1819 341 1865 328
385 1822 429 1861 L.
451 1821 561 1860 Aelio
583 1819 750 1866 Caesari,
773 1818 778 1871 Ι
801 1820 895 1872 imp.
917 1819 1025 1860 Caes.
1051 1820 1208 1860 Traiani
1225 1817 1230 1873 Ι
1250 1819 1434 1859 Hadriani
1455 1820 1555 1871 Aug.
1577 1826 1690 1872 pont.
1711 1819 1716 1872 Ι
1734 1833 1851 1870 max„

140 1888 232 1928 trib.
264 1895 347 1940 pot.
377 1887 478 1936 XXI,
506 1886 511 1939 Ι
538 1887 632 1939 imp.
663 1887 711 1934 ΙΙ,
742 1899 822 1927 cos.
853 1887 919 1935 ΙΙΙ,
950 1900 990 1939 p.
1020 1899 1072 1939 p.,
1102 1887 1196 1935 filio,
1224 1887 1230 1939 Ι
1255 1887 1332 1927 divi
1360 1887 1518 1927 Traiani
1548 1887 1720 1928 Parthici
1747 1888 1753 1942 Ι
1780 1902 1852 1930 ne·
1906 1940 1909 1942 q

140 1956 239 2008 poti,
271 1955 347 1995 divi
368 1955 517 1995 Nervae
544 1953 550 2006 Ι
576 1954 800 2006 pronepoti,
831 1954 921 1994 trib.
943 1960 1039 2006 pot.,
1067 1953 1073 2007 Ι
1099 1966 1179 1994 cos.
1203 1954 1273 2003 11¹,
1304 1951 1454 2010 pue[r]i
1485 1961 1524 1994 et
1547 1951 1758 2011 [p]uel'[lae
1777 1957 1852 1997 ali-

140 2020 338 2077 mentari].
735 2021 738 2023 ’

256 2089 298 2122 In
322 2088 452 2131 oppido
481 2086 644 2121 Umbriae
668 2087 705 2121 S.
730 2088 868 2130 Angelo
892 2089 932 2120 in
957 2087 1078 2130 Vade,
1102 2098 1197 2121 nune
1223 2088 1349 2123 Urbini
1373 2088 1502 2132 (Orelli
1523 2089 1603 2132 829,
1625 2090 1715 2122 mila·
1738 2089 1850 2123 deser.

139 2145 351 2188 Bormann).
375 2163 420 2168 —
446 2145 478 2186 1)
502 2144 545 2176 A.
569 2143 635 2177 457
659 2142 714 2183 cs'.
737 2154 849 2187 supra
872 2143 918 2178 N.
942 2144 1022 2179 549.

252 2232 340 2280 329
385 2234 428 2274 L.
459 2234 568 2274 Aelio
600 2234 769 2283 Caesari,
796 2233 803 2289 Ι
830 2235 905 2275 divi
939 2235 1126 2275 Hadriani
1154 2237 1254 2287 Aug.
1283 2234 1288 2290 Ι
1315 2236 1408 2286 filio,
1439 2249 1520 2277 cos.
1551 2236 1599 2276 ΙΙ.

255 2301 387 2335 Romae
410 2303 450 2334 in
472 2301 653 2334 mausoleo
677 2301 858 2334 Hadriani
882 2300 948 2344 (esi
973 2302 1022 2335 ad
1043 2301 1089 2337 Ν.
1112 2303 1215 2347 522),
1247 2302 1426 2345 descripta
1454 2289 1635 2349 reperitur
1666 2304 1706 2335 in
1737 2305 1852 2335 vetere

143 2358 265 2392 codice
280 2358 513 2398 Einsidlensi,
538 2357 582 2391 de
605 2368 675 2401 quo
697 2368 812 2400 supra
834 2368 868 2400 p.
885 2359 932 2391 28
955 2360 1041 2401 not„
1066 2361 1101 2391 et
1123 2359 1238 2391 denuo
1262 2369 1352 2392 saec.
1376 2357 1467 2392 XIV
1479 2357 1594 2392 otXV
1609 2357 1682 2401 (VI
1691 2359 1787 2402 985).
1809 2377 1852 2383 ——

142 2414 183 2448 L.
201 2414 343 2447 Aelium
363 2413 558 2456 Caesarem,
582 2413 790 2454 defunctum
815 2413 885 2448 kal.
905 2414 1088 2447 Ianuariis
1111 2426 1144 2448 a.
1167 2415 1245 2455 458,
1269 2414 1445 2458 sepultum
1469 2425 1542 2447 esse
1565 2416 1604 2446 in
1626 2417 1852 2447 monumento

144 2469 324 2502 Hadriani
347 2470 482 2511 legitur
504 2472 544 2503 in
568 2472 644 2503 vita
668 2470 755 2504 Veri
776 2478 809 2503 c.
824 2470 876 2503 44.
926 2469 1084 2504 Titulum
1112 2473 1267 2515 positum
1298 2482 1371 2504 esse
1397 2473 1479 2514 post
1505 2473 1655 2503 mortem
1677 2473 1713 2503 et
1734 2480 1853 2503 conse-

143 2527 340 2559 crationem
365 2525 544 2559 Hadriani
568 2530 728 2569 apparet.

257 2614 342 2659 330
393 2612 667 2670 [C]eion[iae],
687 2615 692 2670 Ι
709 2617 751 2656 1..
774 2618 857 2657 Aeli
879 2618 985 2658 Caes.
1017 2619 1057 2667 f.‚
1074 2616 1079 2671 Ι
1099 2619 1283 2668 Plautiae,
1302 2615 1307 2671 Ι
1326 2617 1373 2664 Q.
1396 2617 1534 2657 Servili
1560 2616 1567 2671 Ι
1594 2617 1819 2667 Pudentis¹‚
1841 2618 1848 2675 Ι

144 2682 183 2722 d.
213 2683 251 2723 d.
281 2696 321 2735 p.
351 2696 390 2736 p.

259 2748 302 2781 In
321 2750 514 2791 provincia
531 2747 660 2788 Africa
684 2749 762 2782 loco
787 2749 881 2783 dicto
903 2749 1077 2794 Tukeiber,
1100 2753 1163 2785 ubi
1185 2750 1262 2791 fuit
1282 2752 1519 2794 municipium
1539 2750 1720 2784 Tuccabor
1744 2750 1853 2794 (Eph.

145 2814 198 2847 ep.
213 2806 249 2845 2¹5,
265 2805 366 2848 552).
392 2824 436 2829 —
461 2807 494 2848 1)
517 2805 662 2839 Ceionia
686 2805 828 2838 Plautia
852 2805 930 2846 filia
953 2806 1029 2846 fuit
1053 2807 1094 2842 L.
1118 2808 1215 2842 Aelii
1239 2807 1410 2848 Caesaris,
1434 2808 1497 2850 qui
1520 2809 1603 2840 ante
1625 2807 1854 2850 adoptionem

147 2860 327 2893 Hadriani
343 2863 423 2894 erat
438 2861 478 2895 L.
497 2861 663 2895 Ceionius
681 2861 900 2904 Commodus,
922 2873 1027 2896 soror
1050 2865 1280 2906 imperatoris
1297 2864 1394 2907 Veri,
1416 2863 1511 2896 unde
1537 2866 1576 2895 in
1593 2863 1697 2896 titulo
1713 2864 1852 2895 urbano

149 2915 282 2949 Graece
303 2919 437 2960 scripto
459 2917 495 2951 C.
512 2917 539 2951 I.
559 2917 619 2950 Gr.
633 2918 727 2951 5885
749 2917 953 2960 appellatur
976 2913 1116 2965 ἀδελφὴ
1142 2915 1453 2967 αὐτοκρατόρων,
1475 2919 1611 2952 scilicet
1630 2929 1697 2962 per
1721 2918 1854 2952 Verum

146 2973 254 3005 etiam
281 2983 387 3006 soror
409 2973 456 3008 M.
480 2974 632 3008 Aurelii.
680 2973 835 3006 Maritus
858 2975 934 3006 eius
959 2974 998 3015 Q.
1024 2975 1196 3009 Servilius
1219 2977 1358 3010 Pudens
1379 2974 1456 3015 fuit
1478 2975 1604 3008 consui
1624 2975 1700 3008 ord.
1724 2985 1758 3008 a.
1781 2976 1853 3010 466.
