1968 3268
129 123 211 162 388
386 118 389 121 “
861 124 981 169 caput
1004 123 1101 159 vin.

250 238 292 270 In
324 238 453 281 oppido
483 238 702 271 Andalusiae
737 222 870 279 Gabra,
901 238 964 270 ubi
995 235 1073 276 fuit
1099 237 1270 279 Igabrum
1299 236 1357 280 (II
1381 237 1465 271 1610
1496 236 1542 277 el:
1574 247 1613 280 p.
1642 236 1710 272 703
1739 237 1833 271 vidit

132 294 325 338 Huebner).
351 313 392 318 —
421 295 453 334 1)
478 293 664 327 Civitatem
686 292 882 326 Romanam
907 295 1095 326 consecuti.
1119 311 1163 318 -
1188 295 1222 334 2)
1245 293 1288 326 A.
1311 293 1362 327 76.

244 383 358 429 1982
401 385 494 436 imp.
534 384 756 424 Domitiano
786 384 939 424 Caesari
965 382 971 438 Ι
1005 384 1105 435 Aug.
1136 385 1370 425 Germanico
1395 383 1403 437 Ι
1430 385 1473 424 1..
1504 384 1692 424 Munnius
1721 383 1831 431 Quir.

132 453 302 492 Novatus
332 458 370 491 et
400 451 443 490 L.
466 451 653 492 Munnius
674 451 784 498 Quir.
804 452 1038 492 Aurelianus
1063 451 1070 505 Ι
1097 465 1130 492 c.
1151 452 1204 492 R.
1235 465 1307 505 per
1337 448 1552 508 h[ono]rem
1582 451 1704 491 llvir.⁸
1734 464 1831 492 con-

132 521 254 559 secuti
281 521 287 571 Ι
313 520 350 558 d.
382 515 423 574 [s.
449 515 505 574 p.]
536 519 573 558 d.
604 520 641 559 d.

244 584 387 626 Aloros,
410 586 474 617 ubi
496 584 572 624 s'uit
585 586 684 619 Iluro
707 588 916 628 provinciae
931 587 1095 620 Baeticae
1120 578 1176 626 (II
1195 587 1279 620 1945
1303 585 1350 625 el:
1372 597 1408 628 p.
1431 587 1494 619 704
1517 567 1609 619 vidit
1622 585 1832 629 Ber-langa).

130 660 174 666 —
204 643 235 680 ΙΙ
262 642 446 674 Civitatem
469 641 666 675 Romanam
685 653 753 685 per
777 644 945 676 honorem
968 642 1189 677 duoviratus.

244 730 361 776 1983
399 707 440 772 (l.
473 746 523 772 m.
562 747 592 773 5.
621 735 627 783 Ι
653 733 697 773 L.
730 708 936 774 Sallustius
962 732 969 787 Ι
998 734 1131 774 Victor
1168 733 1334 786 cilvitate
1363 716 1548 787 Romalna
1585 731 1835 784 consecultus

131 807 211 847 est,
243 802 297 853 p.¹
327 814 362 840 v.
393 814 427 840 a.
599 801 614 821 ²
638 800 646 853 Ι
672 801 710 840 h.
742 814 773 841 5.
806 814 839 840 e.
866 798 945 853 IL.
977 801 1183 842 Sallustius
1209 801 1215 850 Ι
1242 801 1480 852 Rogatianus
1505 799 1512 853 Ι
1539 801 1591 853 p.¹
1621 813 1657 839 v.
1687 813 1722 840 a.
1753 799 1834 844 XX,

132 870 170 908 h.
202 882 231 908 5.
264 882 297 908 e.
329 868 340 921 ΙΙ
369 869 406 908 d.
439 881 487 908 m.
520 882 551 908 5.
579 868 584 920 Ι
613 869 776 909 Caecilia
802 869 807 919 Ι
836 868 984 908 Festiva
1013 867 1018 923 Ι
1046 870 1135 921 qui³
1165 878 1203 908 et
1235 867 1363 923 Lelda,
1396 869 1440 908 L.
1472 865 1639 922 Salluslti
1669 869 1835 908 Victoris

134 935 139 988 Ι
174 949 311 984 ucx0r‚
341 938 394 988 p.¹
422 935 429 990 Ι
454 950 489 976 v,
521 949 555 976 a.
586 937 699 984 XLV,
727 935 733 989 Ι
761 937 797 975 h.
829 949 859 976 5.
892 949 926 975 e.

248 1003 290 1035 In
306 1005 494 1045 provincia
510 1002 641 1043 Africa
659 1002 734 1036 loco
752 1002 846 1035 dicto
865 1003 1023 1035 Henehir
1038 1003 1094 1036 Bu
1113 1001 1227 1043 Atfdn
1245 1003 1352 1046 (VIII
1367 1003 1401 1036 S.
1419 1003 1524 1037 46919
1540 1003 1632 1036 vidit
1647 1002 1836 1044 Schmidt).

132 1077 177 1082 ———
205 1061 235 1100 1)
259 1060 354 1099 Pius,
377 1062 450 1102 pia.
466 1079 511 1083 —
536 1061 570 1102 2)
594 1059 760 1102 Spatium
774 1068 927 1091 vacuum
944 1059 1161 1092 destinatum
1179 1070 1327 1092 numero
1344 1069 1522 1092 annorum
1539 1069 1627 1102 quos
1649 1060 1838 1092 habiturus

134 1118 212 1148 erat
236 1115 372 1149 Victor.
398 1135 441 1139 —
467 1117 501 1155 3)
526 1115 602 1149 Ser.
629 1124 707 1158 que.

248 1259 360 1304 1984
406 1261 448 1300 D.
481 1262 671 1302 Otacilius
701 1261 807 1301 Felix
845 1262 938 1301 fecit
975 1261 1049 1301 sibi
1087 1269 1126 1302 et
1151 1261 1156 1316 Ι
1185 1262 1371 1302 Otaciliae
1405 1262 1556 1302 Hilarae
1595 1261 1835 1307 collibertae,

136 1327 142 1383 Ι
166 1329 211 1369 D.
245 1329 408 1369 Otacilio
440 1330 571 1369 Hilaro
601 1330 641 1378 1.,
665 1327 670 1382 Ι
697 1329 739 1368 D.
772 1329 936 1368 Otacilio
961 1329 1123 1369 Eudoxo
1154 1330 1192 1377 1.,
1223 1328 1286 1383 <in
1310 1330 1475 1370 consilio
1501 1329 1508 1384 Ι
1534 1327 1836 1385 manumisso>¹,

136 1395 141 1449 Ι
175 1396 316 1436 Luriae
338 1397 470 1437 Musae
491 1398 615 1444 uxori,
643 1396 648 1450 Ι
677 1397 818 1436 ceteris
847 1396 998 1436 libertis
1019 1397 1315 1449 libertabusque
1339 1397 1436 1437 meis
1461 1395 1469 1450 Ι
1495 1398 1680 1438 omnibus
1702 1404 1834 1450 poste-

133 1464 267 1515 risque
306 1476 464 1512 eorum,
511 1470 667 1516 praeter
700 1463 707 1516 Ι
742 1476 842 1515 quos
886 1470 1121 1504 testamento
1159 1477 1245 1504 meo
1284 1465 1538 1516 praeteriero.
1581 1464 1587 1520 Ι
1629 1465 1675 1505 In
1714 1466 1835 1505 front-

134 1545 174 1583 p.
203 1531 320 1579 XXX,
350 1532 390 1571 in
423 1543 504 1582 agr.
538 1544 574 1583 p.
606 1530 719 1571 XXV.

249 1598 367 1630 Ostiae
390 1608 476 1640 rep„
501 1601 553 1630 est
576 1597 707 1631 Romae
732 1598 837 1638 (XIV
855 1598 942 1633 4437
965 1599 1070 1643 vidi).
1088 1617 1131 1623 —
1159 1601 1191 1640 1)
1215 1598 1332 1631 Verba
1355 1601 1459 1632 uncis
1473 1598 1512 1644 <>
1535 1599 1686 1640 inclusa,
1711 1598 1838 1631 litteris

134 1655 332 1687 minoribus
354 1656 499 1697 scripta,
518 1657 644 1697 postea
668 1655 792 1687 addita
815 1666 887 1688 esse
910 1656 1090 1690 videntur.
1114 1674 1160 1680 —
1185 1655 1277 1697 Lege
1300 1655 1403 1688 Aelia
1429 1655 1552 1688 Sentio
1580 1657 1725 1688 cautum
1748 1656 1838 1695 erat,

132 1713 174 1741 ut
197 1711 316 1743 minor
349 1711 503 1752 triginta
527 1721 705 1744 annorum
729 1722 852 1744 servus
875 1712 1036 1744 vindicta
1061 1714 1299 1744 manumissus
1330 1713 1417 1744 civis
1440 1710 1619 1744 Romanus
1640 1721 1714 1744 non
1736 1710 1840 1751 fieret

133 1767 206 1799 nisi
229 1766 327 1809 apud
349 1768 536 1800 consilium
561 1779 669 1801 causa
691 1770 845 1811 probata
869 1768 1000 1807 fuisset
1024 1767 1181 1811 (Ulpian.
1206 1766 1254 1806 fr.
1279 1769 1309 1808 1,
1334 1768 1379 1802 45
1403 1766 1450 1807 cs:
1473 1767 1583 1801 Gaius
1605 1769 1687 1800 inst.
1712 1767 1744 1807 4,
1768 1766 1836 1808 47).

136 1822 298 1856 Civitatis
323 1834 407 1865 ergo
432 1823 612 1857 Romanae
640 1825 787 1857 Eudooez·
812 1825 1055 1864 testificandae
1080 1835 1187 1856 causa
1213 1825 1299 1856 haec
1322 1825 1447 1856 addita
1468 1827 1567 1865 puto.

246 1888 357 1957 19ἑὸ
403 1914 461 1953 dis
491 1889 671 1954 uianibus
697 1915 703 1968 Ι
731 1916 774 1954 L.
809 1917 938 1956 Vafrio
969 1916 1238 1968 Epaphrodito
1265 1914 1271 1968 Ι
1299 1917 1538 1956 manumisso
1576 1921 1797 1955 testament.
1830 1913 1837 1968 Ι

135 1982 178 2021 L.
201 1981 305 2020 Vafri
337 1982 494 2021 Tironis
520 1982 525 2032 Ι
552 1982 801 2023 centurionis
832 1983 906 2035 leg.
928 1983 1034 2023 XXII
1060 1982 1066 2037 Ι
1094 1983 1275 2036 P1·imig.¹
1306 1983 1339 2023 X
1370 1984 1407 2023 k.
1438 1984 1532 2036 Apr.
1559 1982 1566 2035 Ι
1591 1985 1684 2036 imp.
1706 1982 1839 2022 Domi-

136 2049 246 2088 tiano
285 2049 383 2100 Aug.
422 2048 492 2087 XII
524 2049 620 2088 cos.²
654 2049 660 2100 Ι
695 2062 895 2090 annorum
927 2051 1065 2099 XXX³‚
1103 2051 1176 2090 vix.
1214 2063 1307 2090 ann.
1340 2051 1462 2091 XXXI
1500 2052 1536 2091 d.
1574 2050 1630 2100 X,
1663 2048 1671 2104 Ι
1705 2049 1840 2089 Helius

139 2115 190 2155 M.
222 2116 331 2156 Clodi
357 2115 363 2170 Ι
389 2116 559 2156 Valentis
586 2116 592 2169 Ι
619 2118 769 2157 evocati
799 2119 898 2170 Aug.
930 2132 1021 2168 sen,
1048 2119 1054 2173 Ι
1082 2119 1190 2159 fratri
1220 2119 1473 2159 benemeren.
1501 2119 1507 2170 Ι
1532 2118 1636 2159 fecit.

247 2182 379 2215 Romae
396 2183 513 2223 (Gatti
529 2184 611 2217 bull.
630 2194 716 2217 com.
736 2185 822 2219 4886
836 2196 871 2227 p.
887 2186 962 2230 85).
975 2204 1021 2210 —
1040 2188 1072 2226 1)
1087 2185 1280 2229 Legionem
1293 2187 1494 2218 vicesimam
1508 2184 1698 2218 secundam
1713 2183 1840 2216 mmi-

130 2241 277 2281 geniam
301 2250 341 2271 eo
358 2242 524 2282 tempore,
549 2250 618 2282 quo
643 2241 701 2273 hie
727 2242 852 2274 titulus
871 2245 1011 2285 positus
1033 2242 1090 2275 vel
1105 2245 1198 2275 certe
1214 2252 1283 2285 quo
1305 2241 1388 2274 Tiro
1411 2244 1574 2275 mortuus
1596 2244 1658 2283 est,
1681 2239 1838 2273 nondum

133 2296 264 2328 dictam
290 2307 361 2328 esse
383 2298 481 2338 piam
504 2295 642 2336 fidelem
665 2296 817 2336 fortasse
842 2309 888 2331 ea:
912 2300 978 2331 lzoe
1002 2299 1107 2332 titulo
1138 2299 1261 2341 colhgi
1282 2301 1406 2341 potest.
1437 2317 1482 2321 —
1514 2299 1548 2339 2)
1576 2298 1627 2332 23⁷
1654 2295 1760 2329 Mart.
1784 2296 1837 2328 86.

132 2370 177 2375 —
211 2353 244 2394 3)
276 2353 336 2384 Em
369 2353 445 2394 lege
476 2353 579 2385 Aelia
612 2352 735 2386 Sentia
764 2364 887 2387 servus
918 2357 1036 2388 minor
1066 2356 1220 2397 triginta
1253 2364 1431 2387 annorum
1471 2356 1675 2386 testamento
1714 2361 1839 2384 manu-

132 2409 260 2439 missus
290 2418 362 2440 non
392 2407 499 2447 fiebat
530 2411 619 2442 civis
643 2410 823 2443 Romanus
847 2410 911 2454 (cl'.
942 2412 990 2444 ad
1017 2409 1061 2444 N.
1093 2410 1215 2452 4984„
1251 2411 1333 2444 ideo
1373 2411 1611 2453 adscriptum,
1652 2408 1839 2450 Epaphro-

136 2463 249 2495 ditum
280 2474 456 2496 annorum
490 2468 641 2507 triginta
671 2465 784 2505 luisse
811 2478 849 2500 eo
874 2467 931 2500 die
955 2478 1023 2510 quo
1048 2470 1283 2500 manumissus
1306 2469 1375 2507 est‚·
1408 2468 1516 2499 civem
1539 2465 1736 2498 Romanum
1759 2473 1839 2496 eum

136 2518 247 2558 fuisse
272 2522 377 2552 etiam
403 2522 567 2554 heredum
593 2525 668 2555 eius
690 2525 873 2558 intererat.
