1968 3268
134 118 219 157 504
313 104 316 107 ’
880 118 1000 164 Caput
1021 117 1085 154 IX.

248 231 477 274 Calahorrae,
499 232 562 264 ubi
583 230 659 271 fuit
683 230 893 273 Calagurris
915 231 1020 272 Iulia,
1043 241 1118 274 rep.
1142 242 1175 264 a.
1200 231 1285 265 4788
1314 231 1369 275 (ΙΙ
1387 232 1476 266 2984
1498 231 1605 266 semel
1626 232 1831 278 descripta).

130 308 177 314 -—
202 289 235 330 1)
259 287 396 322 Nomen
419 288 563 321 videtur
587 287 745 329 Longini
763 288 926 330 patrium
950 287 1081 331 (Hue.).
1100 305 1147 312 --
1170 288 1203 330 2)
1227 288 1297 321 Ala
1323 287 1519 322 Tantorum
1541 289 1677 322 victrix
1700 290 1831 324 civium

130 344 371 378 Romanorum
395 343 443 388 (e.
468 344 555 387 quid
575 343 766 386 significet,
789 344 993 385 obscurum)
1015 346 1202 386 praeterea
1225 345 1363 387 ignota,
1386 347 1428 377 ut
1451 346 1486 377 et
1507 346 1578 388 ipsi
1604 343 1721 382 Tanti.

243 433 357 480 2517
401 434 444 474 L.
468 434 643 475 Vitellius
672 431 846 488 Μ3Ιιη3ἰι
880 435 906 474 f.
938 434 1160 474 Tancinus²
1185 434 1192 489 Ι
1219 435 1321 475 cives
1350 434 1460 487 Hisp.
1481 435 1709 486 Cauriesis³‚
1735 436 1742 492 Ι
1768 449 1830 489 eq.

134 503 217 544 alae
250 502 459 542 Vettonum
490 514 524 541 e.
555 501 631 550 R.,⁴
658 503 784 552 laun.
814 501 1006 541 XXXXVI
1036 502 1125 554 stip.
1155 501 1288 551 XXVI,
1315 502 1385 555 11].
1416 515 1448 543 s.
1478 515 1513 542 e.

243 568 358 611 Aquis
381 567 478 616 Sulis
502 568 627 612 (Bath)
652 568 865 601 Britanniae
890 568 981 611 (VII
998 569 1044 602 52
1069 567 1116 607 cf.
1139 579 1173 612 p.
1196 569 1264 602 506
1286 568 1379 601 vidit
1401 568 1592 612 Huebner).
1614 588 1660 595 —
1685 571 1718 612 1)
1740 570 1832 603 For·

131 628 224 658 tasse
245 625 337 658 idem
361 635 489 657 nomen
513 625 610 667 quod
630 634 740 667 supra
764 623 808 659 Ν.
831 625 935 659 2545.
967 643 1012 650 -
1042 624 1075 667 2)
1099 624 1236 658 Nomen
1259 635 1332 658 non
1360 635 1486 658 rorum
1507 626 1548 658 in
1571 625 1756 669 Hispania.
1785 646 1831 652 —

131 683 165 723 3)
199 681 391 715 Cam-enses
411 681 565 724 populus
589 681 808 716 Lusitaniae.
832 699 876 705 —
900 683 934 723 4)
964 681 1033 714 Ala
1066 681 1308 724 Hispanorum
1333 681 1519 715 Vettonum
1549 683 1682 714 civium
1704 680 1831 716 Roma-

130 747 260 771 norum
282 740 487 771 recensetur
509 739 605 770 inter
628 737 772 770 auaeilia
796 738 977 770 eoeercitus
991 737 1197 770 Britannici
1220 748 1253 771 a.
1270 737 1336 771 405
1360 737 1486 781 (supra
1503 736 1549 772 N.
1563 738 1650 772 2004
1649 741 1681 780 ).
1718 738 1832 772 Aliud

135 795 355 837 epitaphium
379 795 509 837 equitis
531 805 578 827 eoe
601 794 722 827 eadem
746 793 806 827 ala
829 794 1079 827 Britannicum
1103 796 1155 826 est
1178 793 1267 836 Eph.
1291 804 1343 836 ep.
1366 795 1398 836 4,
1419 793 1492 828 670.

243 883 358 930 2518
401 885 459 925 dis
497 884 679 925 manibus
713 884 718 938 Ι
754 885 795 925 C.
826 885 947 925 Iulius
983 885 1127 924 Dexter
1164 891 1261 933 veh,
1302 884 1382 923 mil.
1420 884 1462 923 in
1492 884 1550 924 ala
1584 882 1591 937 Ι
1625 896 1707 936 eq„
1746 896 1830 924 cur.

133 953 321 1001 turmae¹‚
353 965 498 992 armor.
523 959 667 1001 custos,
698 950 874 1007 signilfer
903 959 994 998 tur„
1025 952 1158 992 milita.
1190 964 1316 992 annos
1345 951 1485 1002 XXVI,
1515 951 1641 992 (limis.
1671 963 1791 992 emer.
1823 950 1830 1006 Ι

134 1021 299 1060 honesta
330 1021 528 1069 missione,
559 1021 762 1060 duoviratu
793 1020 871 1072 egit
900 1021 941 1060 in
973 1021 1046 1060 col.
1074 1019 1079 1075 Ι
1107 1032 1174 1060 sua
1203 1019 1404 1072 Thelepte,
1433 1019 1527 1059 vixit
1555 1031 1619 1059 an.
1649 1018 1832 1068 LXXXV,

132 1087 196 1127 hie
225 1093 432 1128 crematus.
460 1088 465 1143 Ι
493 1088 607 1128 Tutia
635 1088 764 1127 Tertia
794 1088 930 1127 marita
960 1087 1032 1127 Iuli
1062 1087 1215 1134 Dextri,
1252 1087 1326 1126 vix.
1358 1099 1421 1127 an.
1453 1087 1574 1135 LXX,
1609 1085 1616 1141 Ι
1650 1086 1715 1126 hic
1744 1099 1831 1126 cre-

129 1159 231 1194 mata
262 1161 332 1194 est.

244 1221 287 1253 In
310 1220 483 1254 Numidia
503 1231 616 1264 prope
640 1222 756 1254 locum
781 1221 913 1254 dictum
936 1220 1157 1254 Bir-um-Ali
1181 1219 1288 1263 (VIII
1306 1220 1394 1254 2094
1424 1220 1472 1253 ad
1499 1220 1697 1263 exemplum
1727 1231 1830 1254 accu-

129 1280 250 1310 ratum
275 1277 509 1319 Bosredonii).
533 1296 577 1301 —
610 1279 641 1319 1)
668 1277 859 1311 Curatores
882 1279 1083 1310 turmarum
1114 1275 1267 1316 fuerunt
1296 1277 1403 1309 etiam
1433 1277 1529 1309 inter
1551 1277 1685 1319 equites
1706 1278 1829 1320 singu-

134 1334 237 1376 lares,
262 1332 309 1373 cll
332 1333 377 1367 Ν.
401 1333 489 1367 2486
512 1337 584 1368 not.
609 1333 664 1375 42,
687 1334 780 1367 2205
803 1336 876 1366 not.
901 1334 931 1366 4.

243 1423 354 1470 2519
401 1429 521 1473 (eques
543 1431 682 1462 kastam
706 1430 853 1474 gerens)
887 1425 923 1464 d.
963 1438 1015 1464 m.
1051 1422 1057 1479 Ι
1091 1423 1230 1475 Ulpius
1269 1419 1437 1476 Tertilus
1471 1429 1629 1464 curator
1662 1422 1669 1478 Ι
1702 1424 1783 1464 alae
1811 1424 1829 1464 1

131 1493 326 1541 contari.¹,
358 1493 413 1532 Fl.
446 1493 570 1533 Tutor
600 1493 740 1545 emag.²
770 1491 895 1547 heli-es
925 1493 1050 1533 amico
1081 1487 1337 1544 pientisslimo
1369 1491 1512 1543 posuit.

248 1558 396 1602 Tipasae
420 1561 459 1592 in
490 1570 556 1592 ora
579 1559 826 1592 Mauretaniae
857 1570 930 1602 rep.
956 1558 1064 1599 (VIII
1082 1557 1200 1601 9294).
1223 1576 1265 1581 -—
1301 1558 1334 1599 1)
1364 1557 1434 1590 Ala
1462 1558 1582 1601 prima
1613 1557 1718 1601 Ulpia
1747 1567 1829 1591 con-

133 1617 310 1648 tariorum
333 1617 396 1648 sub
420 1617 605 1650 Antonino
623 1617 686 1650 Pio
710 1615 786 1655 fuit
807 1617 847 1648 in
870 1616 1057 1649 Pannonia
1079 1615 1263 1657 superiore
1288 1614 1414 1656 (supra
1437 1612 1483 1647 Ν.
1498 1604 1619 1656 2005).
1642 1633 1688 1639 -—
1713 1615 1747 1656 2)
1770 1614 1831 1648 Sic

132 1672 225 1715 lapis
250 1674 334 1705 teste
360 1672 618 1714 lVilmannsio;
641 1673 782 1706 videtur
804 1671 1080 1714 intellegendum
1103 1681 1193 1702 esee:
1215 1668 1436 1712 imag-miser.

245 1763 359 1808 2520
404 1770 524 1812 (eques
549 1779 628 1802 cum
652 1770 780 1811 signo‚·
808 1770 871 1801 sub
897 1779 935 1801 eo
970 1769 1082 1801 hostis
1103 1768 1324 1809 prostratus)
1351 1761 1408 1801 dis
1438 1761 1618 1801 manibus
1646 1761 1830 1802 Flavians

170 1844 232 1884 eq.
263 1832 345 1871 alae
375 1832 494 1872 Petr.¹
524 1832 687 1884 signifer
713 1830 718 1884 Ι
744 1838 822 1872 tur.
854 1831 1028 1879 Candidi,
1057 1843 1121 1870 an.
1152 1829 1252 1869 XXV
1279 1826 1286 1882 Ι
1312 1828 1402 1880 stip.
1434 1828 1514 1876 VII,
1545 1829 1583 1868 h.
1613 1842 1646 1869 s.

242 1899 403 1931 Heoelzam
426 1900 465 1931 in
489 1899 681 1932 Britannia
709 1908 782 1931 non
814 1897 919 1940 longe
951 1908 971 1930 a
1001 1896 1095 1930 vallo
1121 1896 1301 1929 Hadriani
1331 1895 1440 1938 (Epa.
1470 1905 1523 1938 ep.
1553 1894 1591 1935 7,
1622 1896 1689 1929 995
1719 1895 1829 1929 deser.

128 1954 264 1996 Bruce‚·
303 1966 348 1987 ea:
380 1955 518 1988 Bruceo
555 1956 750 1998 imaginem
781 1953 911 1997 lapidis
950 1954 1116 1996 repetivit
1143 1951 1406 1985 Domaszewski
1433 1951 1586 1984 Fulmen
1613 1962 1652 1994 p.
1682 1951 1752 1995 70).
1784 1970 1828 1976 -·

132 2012 163 2053 1)
187 2011 242 2043 De
264 2011 324 2044 ala
347 2012 515 2044 Petriana
539 2010 586 2050 ef.
611 2011 655 2046 Ν.
677 2001 778 2045 2485.
1785 2014 1792 2021 ·

243 2099 354 2146 2521
401 2102 488 2142 Sex.
510 2101 658 2142 Mevius
680 2102 768 2141 Sex.
792 2100 797 2155 Ι
821 2103 845 2141 f.
864 2101 955 2141 Fah.
972 2100 1185 2140 Domittius
1207 2098 1211 2155 Ι
1235 2112 1369 2151 eques,
1391 2099 1521 2151 signif.
1542 2099 1600 2139 ala
1620 2099 1791 2151 Apriana
1801 2100 1827 2148 ¹,

170 2182 264 2210 ann.
295 2169 427 2217 XXIV,
456 2169 520 2208 hic
549 2169 646 2209 situs
675 2175 746 2209 est.
773 2168 778 2220 Ι
805 2166 995 2218 Σέξστος
1023 2166 1231 2224 Μηούιος
1256 2167 1261 2222 Ι
1288 2165 1479 2217 Σέξστου
1508 2163 1605 2215 υἱὸς
1637 2167 1790 2220 Φαβία
1820 2164 1826 2220 Ι

130 2239 376 2291 Δομίττιος
413 2233 578 2286 ἱππεὺς
617 2237 804 2293 σημαφὲ
829 2238 834 2286 l
863 2231 970 2292 ἄλης
994 2230 1262 2290 Ἀπριανῆς,
1304 2232 1413 2276 ἐτῶν
1441 2233 1506 2286 κδ,
1541 2231 1548 2288 Ι
1582 2228 1728 2289 ἄωρος
1763 2231 1829 2276 ἐν·

129 2302 249 2347 θάόε
277 2312 432 2347 κεῖται.

246 2371 362 2415 Syene
386 2370 559 2414 (Assuan)
593 2370 690 2412 apud
717 2372 951 2402 mercatorem
983 2369 1157 2411 quendam
1189 2367 1263 2411 (ΙΙΙ
1281 2369 1368 2402 6026
1390 2368 1583 2401 Mommsen
1614 2367 1706 2400 vidit
1733 2369 1828 2410 ecty-

131 2427 246 2470 pum).
277 2446 319 2452 —
355 2428 385 2469 1)
416 2427 485 2460 Ala
515 2427 680 2469 Apriana
713 2429 944 2459 enumeratur
972 2427 1067 2458 inter
1099 2424 1240 2457 ana-ilia
1270 2427 1447 2458 excercitus
1475 2424 1692 2467 Aegyptiaci
1719 2433 1751 2456 a.
1779 2423 1827 2457 83

132 2483 193 2526 (Ν.
206 2483 329 2527 4996),·
343 2485 529 2526 praeterea
545 2484 753 2516 nominatur
769 2483 808 2514 in
826 2481 929 2514 titulo
945 2480 1142 2514 Memnonis
1156 2483 1295 2513 statuae
1311 2482 1483 2523 inscripto
1499 2491 1534 2513 a.
1549 2479 1611 2512 470
1628 2477 1682 2522 (C.
1698 2477 1755 2511 ΙΙΙ
1766 2477 1824 2522 49)

132 2542 167 2572 et
188 2540 227 2572 in
243 2538 383 2572 Notitia
409 2539 508 2580 dign.
534 2549 585 2572 or.
612 2549 638 2572 c.
662 2539 720 2578 25,
744 2539 807 2570 ubi
831 2537 1028 2570 collocatur
1050 2539 1089 2569 in
1112 2537 1275 2580 Aegypto
1300 2537 1459 2579 quidem,
1481 2535 1544 2568 sed
1565 2535 1726 2578 Hippone
1750 2534 1827 2568 looo

132 2595 237 2638 longe
265 2598 401 2628 remoto
433 2606 454 2627 a
486 2594 600 2638 Syene
625 2593 740 2637 (Ma).
766 2613 807 2617 —
840 2596 873 2636 2)
904 2592 1130 2633 Semaforum
1161 2594 1326 2626 habemus
1357 2594 1463 2625 etiam
1494 2593 1534 2624 in
1565 2591 1670 2624 titulo
1695 2590 1825 2624 Latino

131 2652 226 2684 edito
249 2650 351 2691 infra
376 2652 472 2683 inter
496 2650 620 2683 titulos
642 2651 817 2682 militares
841 2652 970 2683 aetatis
995 2650 1153 2683 labentis.

243 2740 357 2786 2522
400 2741 436 2780 (1.
458 2753 509 2780 m.
537 2739 542 2793 Ι
570 2740 701 2778 Aurel.
723 2740 913 2780 Themaes
933 2740 1063 2780 librar.
1091 2738 1098 2794 Ι
1125 2740 1182 2779 ale
1203 2739 1232 2778 F
1235 2739 1393 2786 ronto.¹‚
1423 2738 1516 2778 vixit
1544 2738 1657 2778 annis
1682 2735 1689 2790 Ι
1714 2736 1758 2786 L,
1788 2741 1828 2775 et

131 2810 237 2849 Aelia
267 2810 363 2850 Iulia
398 2808 525 2859 eoiug.
557 2814 596 2847 et
621 2806 627 2855 Ι
654 2807 759 2846 Aelia
788 2807 940 2858 Pupula
970 2808 1062 2847 vixit
1098 2808 1212 2847 annis
1246 2804 1252 2859 Ι
1286 2805 1341 2855 ΙΙ,
1381 2802 1592 2860 Aurel[i]us
1629 2804 1825 2843 Themen-

130 2877 261 2917 tianus
290 2877 392 2916 filius
421 2874 653 2928 parentibus
681 2874 783 2914 bene
809 2875 815 2924 Ι
842 2874 1085 2914 merentibus
1115 2875 1258 2926 posuit.

244 2942 482 2975 Alsa-Ilosvae
512 2951 585 2983 rep.
616 2952 648 2974 a.
673 2941 760 2974 4865
793 2939 865 2983 (ΙΙΙ
884 2941 947 2972 804
978 2939 1023 2979 cf.
1048 2940 1105 2972 III
1126 2940 1160 2973 S.
1181 2951 1218 2982 p.
1243 2939 1329 2974 4375
1352 2939 1444 2971 vidit
1465 2935 1756 2979 Domaszewski).
1779 2952 1825 2960 —

134 2997 167 3038 1)
193 2996 245 3036 cf.
268 2997 313 3031 Ν.
337 2999 433 3031 2494.

1959 412 1968 430 :i

1959 431 1968 439 .-

1962 445 1968 453 i

1960 457 1968 469 «Α

1959 472 1968 484 -ε

1954 485 1968 648 ἱ

1956 683 1968 709 4

1958 711 1968 720 μ

1955 719 1968 732 ,a

1958 800 1968 842 ’ἓ
