1968 3268
802 177 916 214 Tituli
938 177 1125 214 militares.
1736 178 1819 217 425

108 294 219 347 optio
241 293 290 333 ab
317 293 415 334 actis
440 291 447 347 Ι
474 292 564 334 urbi
574 294 601 343 ¹,
629 299 840 334 veteranus
859 293 972 346 Aug„
999 292 1006 347 Ι
1033 293 1207 343 decurio,
1237 293 1363 342 aedil„
1393 294 1532 346 praef„
1558 291 1565 347 Ι
1591 293 1699 334 livir.
1721 295 1745 335 i.
1768 296 1820 346 d.‚

110 361 162 403 oh
191 362 384 403 honorem
411 360 418 414 Ι
444 361 663 410 aedilitatis,
701 361 832 401 inlatis
860 361 919 401 rei
945 362 951 411 Ι
976 373 1016 414 p.
1046 360 1118 401 Hs
1145 361 1219 401 1111
1249 374 1289 402 n.
1320 361 1524 414 legitimis,
1563 360 1743 416 amiplius
1772 375 1821 403 ex

106 429 183 471 Hs
207 429 240 469 V
271 442 311 469 n.
341 429 476 482 posuit
501 427 508 483 Ι
533 429 677 482 idemq.
709 429 912 469 dedicavit.

228 495 445 530 Thubursicu·
459 495 700 529 Numidarum
724 495 832 536 (VIII
844 495 928 529 4874
945 495 1057 529 deser.
1076 493 1291 539 Villel'osse).
1311 513 1351 519 -
1381 496 1415 538 1)
1438 493 1492 535 Cf.
1508 494 1555 530 N.
1570 497 1662 530 2402
1684 499 1758 530 not.
1783 498 1819 531 2.

223 574 338 622 2117
384 576 425 617 C.
455 576 627 617 Luccius
655 577 697 617 C.
728 577 781 616 fil.
809 576 815 628 Ι
842 576 951 616 Stell.
982 576 1153 617 Sabinus
1178 576 1184 632 Ι
1211 577 1428 617 Beneventi
1457 577 1639 626 decurio,
1672 577 1678 632 Ι
1713 579 1820 619 vivus

109 643 185 685 sibi
216 650 256 684 et
295 644 447 684 Ofilliae
473 643 480 698 Ι
506 645 667 685 Paratae
706 645 820 685 uxori
859 650 900 684 et
935 644 1083 685 Luccio
1109 643 1117 698 Ι
1142 645 1376 685 Verecundo
1413 645 1525 685 fratri
1560 646 1769 698 posterisq.
1809 644 1816 700 Ι

107 711 190 752 suis
218 711 327 761 fecit,
358 712 535 752 militavit
554 712 597 751 in
617 712 705 752 coh.
733 702 805 762 ΙῙ’
835 711 924 752 urb.
946 712 995 752 ad
1014 712 1116 753 latus
1135 712 1347 762 tribunor.,
1375 713 1450 753 fuit
1474 711 1481 766 Ι
1508 719 1679 762 secutor,
1710 714 1819 766 optio

107 779 318 828 valetudi.²‚
340 779 448 832 optio
473 779 478 834 Ι
502 780 684 828 carceris,
705 780 928 832 singularis,
948 780 1116 820 benefic.
1139 778 1145 836 Ι
1167 781 1331 830 tribuni,
1352 793 1374 820 a
1395 780 1674 833 quaestionib.³
1693 782 1821 822 factus

103 858 178 900 per
203 844 210 901 Ι
235 847 410 888 Annium
439 847 584 886 Verum
615 849 740 899 praef.
771 847 919 896 urbis⁴,
950 855 989 887 et
1014 847 1021 902 Ι
1047 849 1293 897 tesserarius,
1334 849 1462 901 optio,
1501 850 1656 900 signifi,
1694 849 1779 889 fisci
1810 846 1817 902 Ι

105 919 277 963 curator,
308 914 416 968 optio
446 914 495 954 ab
526 920 616 964 act„
647 916 839 956 cornicul.
866 915 1005 970 Ιῑτὶὶι,
1036 915 1170 956 henes.
1202 916 1331 956 Valeri
1360 917 1520 957 Asiatici
1550 924 1675 970 praet.
1708 917 1819 965 (sic)⁵

109 981 116 1036 Ι
149 981 225 1022 urb
229 982 269 1031 .‘,
298 982 442 1023 missus
471 983 520 1023 ab
550 984 646 1035 imp.
676 983 876 1023 Hadriano
906 986 1005 1036 Aug.
1033 983 1039 1038 Ι
1067 985 1256 1024 Serviano
1286 984 1342 1024 111
1371 990 1411 1024 et
1440 985 1552 1025 Vibio
1576 986 1677 1026 Varo
1708 987 1805 1028 cos.⁷

108 1045 216 1106 [dea]
245 1049 281 1089 X
310 1046 443 1107 [lc]a[l.]
481 1050 571 1090 Mai.
601 1051 748 1090 Erucio
780 1051 892 1091 Claro
932 1051 967 1091 ΙΙ
997 1052 1095 1092 cos.a
1143 1052 1188 1092 ln
1220 1053 1247 1092 f.
1279 1065 1318 1104 p.
1349 1052 1420 1092 XX
1448 1053 1490 1093 in
1522 1066 1603 1105 agr.
1635 1067 1674 1107 p.
1705 1054 1787 1094 ΧΧ.

224 1115 416 1150 Beneventi
440 1116 511 1160 (IX
529 1117 612 1151 4647
635 1117 727 1150 vidit
741 1114 986 1160 Mommsen).
978 1136 1019 1142 —-
1049 1120 1082 1161 1)
1106 1118 1167 1152 Sic
1191 1122 1334 1153 omnino
1358 1121 1398 1152 in
1422 1120 1542 1163 lapide
1565 1124 1629 1153 aut
1651 1119 1728 1160 fuit
1751 1124 1819 1166 qut

106 1172 228 1206 debuit
249 1183 330 1207 esse.
379 1175 429 1214 (Τ
451 1173 667 1207 Mommseno
693 1175 784 1217 lapis
815 1176 911 1208 visus
939 1177 991 1208 est
1021 1176 1179 1215 hahere).
1209 1195 1254 1201 —
1286 1177 1320 1218 2)
1354 1176 1457 1219 Optio
1488 1176 1742 1211 valetudinari.
1771 1196 1817 1202 —

105 1229 139 1271 3)
165 1227 218 1268 Cf:
242 1227 288 1263 Ν.
310 1229 400 1263 2445
422 1232 496 1263 not.
521 1229 551 1263 4.
575 1249 620 1255 -
644 1231 679 1271 4)
701 1231 844 1265 Annius
862 1232 987 1274 Verus,
1011 1242 1100 1264 avus
1122 1231 1240 1265 Marci
1262 1233 1502 1275 imperatoris,
1528 1243 1597 1267 eos.
1621 1233 1661 1266 ΙΙ
1680 1244 1714 1267 α.
1738 1234 1817 1277 424,

105 1295 175 1319 eos.
205 1285 265 1319 111
291 1296 324 1319 a.
347 1286 435 1327 426,·
465 1296 545 1319 eum
569 1285 797 1329 praefectum
826 1289 928 1321 urbis
959 1287 1073 1328 fuisse
1095 1291 1227 1322 narrat
1255 1291 1330 1322 vita
1352 1289 1472 1322 Marci
1501 1299 1531 1323 e.
1555 1290 1586 1325 4.
1610 1308 1654 1314 -
1679 1291 1714 1332 5)
1738 1290 1817 1324 Ser.

104 1340 211 1385 praef.
236 1361 280 1367 —
311 1343 347 1384 6)
371 1341 541 1376 Valerius
562 1344 763 1384 Asiaticus,
796 1344 922 1377 consul
950 1346 1082 1378 iterum
1114 1356 1148 1379 a.
1172 1345 1239 1379 425
1263 1348 1298 1378 et
1321 1347 1420 1379 eirca
1444 1346 1565 1379 eadem
1589 1349 1751 1389 tempora
1775 1349 1816 1379 ut

105 1397 251 1431 videtur
269 1398 476 1441 praefectus
497 1401 599 1433 urbis
623 1399 687 1443 (ef.
707 1401 741 1435 C.
758 1401 843 1434 XIV
863 1401 956 1435 5713
978 1411 1059 1433 cum
1082 1401 1234 1445 adnot).
1259 1420 1304 1427 —
1329 1404 1363 1443 7)
1387 1402 1429 1436 A.
1453 1403 1529 1436 454.
1546 1422 1591 1427 -
1616 1405 1650 1445 8)
1674 1404 1718 1437 A.
1741 1403 1814 1437 446.

219 1488 335 1535 2118
376 1490 428 1530 Μ.
450 1491 656 1532 Carantius
675 1493 875 1533 Macrinus
904 1494 1085 1534 centurio
1115 1495 1202 1534 coh.
1229 1494 1235 1549 Ι
1263 1495 1413 1547 primae
1442 1496 1629 1544 urbanae,
1656 1495 1663 1548 Ι
1689 1497 1816 1536 factus

106 1557 221 1597 miles
257 1557 298 1597 in
338 1558 422 1598 ead.
454 1559 618 1598 cohorte
639 1560 861 1600 Domitiano
892 1561 928 1600 ΙΙ
966 1574 1046 1601 cos
1051 1562 1077 1610 ¹,
1121 1560 1127 1614 Ι
1170 1561 1615 1603 heneficia1.Tettieni
1654 1563 1816 1603 Sereni²

105 1624 182 1678 leg.
221 1625 338 1677 Aug.³
366 1625 525 1678 Vespas.
562 1615 598 1665 X
635 1628 743 1675 coss,
786 1629 793 1677 Ι
837 1628 1072 1668 cornicular.
1121 1628 1279 1669 Corneli
1318 1629 1531 1669 Gallicani⁵
1576 1631 1652 1682 leg.
1700 1631 1817 1682 Aug!⁵

107 1692 321 1745 equestrib.
349 1691 355 1747 Ι
383 1693 596 1746 stipendis⁷
627 1694 769 1734 Domit.
800 1685 910 1734 vllii‘
938 1696 1036 1735 cos.⁸
1039 1696 1174 1744 ‚item
1204 1696 1338 1736 Minici
1367 1698 1483 1736 Rufi⁹
1511 1698 1628 1750 legati
1658 1698 1784 1749 Aug.⁰,
1809 1697 1814 1740 Ι

106 1765 292 1801 evocatus
320 1761 419 1812 Aug.
451 1761 595 1801 Domit.
626 1761 735 1800 Xllll
766 1775 845 1802 cos
850 1763 889 1810 ¹⁰,
921 1763 1100 1803 centurio
1131 1764 1224 1816 imp.
1256 1764 1382 1803 Nerva
1412 1764 1447 1803 11
1477 1778 1557 1805 cos
1562 1766 1602 1813 ¹²,
1632 1771 1659 1805 t.
1689 1779 1730 1818 p.
1760 1766 1818 1805 i.¹²

219 1827 333 1870 Prope
359 1826 537 1860 Genavam
559 1838 645 1870 rep„
672 1831 724 1860 est
746 1830 798 1861 ibi
821 1830 861 1862 in
886 1831 963 1863 vieo
990 1830 1153 1872 Carouge
1185 1829 1273 1873 (ΧΠ
1297 1831 1388 1864 2602
1414 1832 1504 1864 vidit
1526 1831 1748 1876 Mommsen).
1771 1851 1816 1858 —

109 1883 141 1924 1)
164 1882 208 1916 Α.
231 1882 287 1918 73.
310 1900 357 1907 -
388 1884 422 1925 2)
451 1883 581 1917 Consul
610 1884 780 1925 suffectus
810 1896 842 1918 a.
874 1888 942 1919 ine.
975 1885 1038 1929 (ef.
1071 1886 1162 1929 Eph.
1195 1897 1248 1929 ep.
1276 1889 1300 1920 5
1328 1898 1364 1930 p.
1393 1888 1485 1931 645).
1517 1907 1563 1913 -
1593 1889 1627 1930 3)
1660 1888 1817 1931 Legatus

105 1939 263 1981 Augusti
286 1939 429 1972 videtur
450 1937 564 1978 fuisse
584 1942 795 1983 provinciae
818 1941 1084 1984 Lugdunensis,
1114 1943 1155 1974 in
1179 1943 1282 1976 euius
1303 1943 1437 1983 finibus
1460 1946 1640 1977 eohortem
1660 1947 1816 1988 primam

105 1996 282 2028 urbanam
300 1996 517 2037 temporibus
531 1995 743 2030 Flauiorum
760 1998 949 2031 tetendisse
966 2010 1013 2032 ex
1028 1999 1112 2032 aliis
1129 1999 1244 2032 titulis
1259 2004 1382 2033 notum
1400 2004 1452 2033 est
1475 2000 1540 2044 (ef.
1564 2001 1613 2034 ad
1626 2001 1672 2035 N.
1688 2001 1794 2042 2449)
1804 2015 1817 2043 ,-

106 2061 191 2084 nam
214 2050 324 2084 aliter
346 2052 412 2083 vioe
436 2051 614 2094 explicari
630 2056 761 2096 potest,
786 2054 1053 2095 beneficiarium
1070 2056 1147 2088 eius
1169 2054 1283 2095 fuisse
1297 2058 1446 2090 militem
1462 2069 1510 2091 ece
1532 2069 1573 2091 ea
1598 2060 1754 2092 cohorte.
1771 2078 1815 2084 --

107 2109 142 2149 4)
166 2107 209 2140 In
232 2117 381 2139 numero
405 2106 434 2140 Χ
459 2118 562 2141 error
586 2112 658 2151 θείς
682 2120 766 2143 nam
793 2111 1032 2154 Vespasianus
1055 2115 1218 2145 mortuus
1242 2115 1294 2145 est
1315 2124 1348 2147 a.
1373 2114 1415 2147 79
1438 2125 1508 2148 cos.
1534 2114 1602 2157 IX,
1626 2116 1816 2149 decimum-

108 2173 176 2206 qne
200 2164 424 2196 consulatum
450 2166 593 2198 omnino
617 2176 689 2199 non
711 2168 831 2209 gessit.
847 2187 893 2192 —
911 2170 945 2210 5)
962 2168 1094 2202 Consul
1114 2170 1285 2211 suffectus
1308 2181 1341 2205 a.
1358 2172 1400 2203 84
1422 2169 1490 2215 (ef.
1512 2181 1622 2214 supra
1639 2171 1683 2206 N.
1701 2173 1814 2210 4997).

108 2238 152 2245 --
179 2220 212 2262 6)
237 2219 360 2252 Etiam
392 2219 576 2253 Cornelius
601 2221 808 2256 Gallicanus
840 2227 876 2257 et
906 2225 1076 2258 Minicius
1106 2224 1222 2265 Rufus
1253 2227 1366 2269 legati
1396 2227 1565 2259 videntur
1594 2227 1706 2267 sitisse
1731 2239 1815 2271 pro-

108 2276 250 2308 vinciae
274 2275 535 2318 Lugdunensis.
558 2296 601 2303 -
626 2280 660 2319 7)
690 2279 841 2312 Videtur
864 2283 949 2314 tunc
974 2283 1141 2324 temporis
1164 2284 1335 2314 meruisse
1360 2293 1483 2324 eques;
1509 2293 1595 2315 sane
1617 2286 1752 2326 equites
1775 2286 1816 2317 in

108 2333 314 2366 cohortibus
336 2333 485 2365 urbanis
506 2336 695 2375 praeterea
727 2345 800 2368 non
824 2341 1079 2371 memorantur.
1127 2338 1181 2378 Cf'.
1206 2338 1398 2372 Mommsen
1422 2338 1575 2372 Staatsr.
1605 2340 1659 2372 111
1687 2351 1724 2383 p.
1746 2341 1815 2376 543

106 2390 180 2422 not.
203 2388 234 2422 4.
284 2388 338 2421 De
370 2398 460 2431 equo
487 2389 632 2431 publico
666 2393 865 2435 equitisque
893 2393 1046 2427 Romani
1074 2395 1208 2428 honore
1237 2394 1338 2427 nullo
1369 2395 1475 2428 modo
1506 2395 1747 2438 cogitandum.
1771 2414 1815 2421 —

109 2445 142 2486 8)
164 2444 208 2478 A.
231 2445 289 2479 85.
313 2462 358 2470 —
382 2446 416 2486 9)
442 2444 572 2478 Consul
594 2444 669 2485 fuit
692 2457 724 2479 a.
747 2449 804 2481 88.
827 2467 871 2473 —-
899 2451 954 2491 10)
977 2451 1020 2483 A.
1036 2452 1090 2484 88.
1114 2469 1159 2475 -—
1186 2452 1240 2493 11)
1265 2450 1505 2493 Significatur
1527 2462 1644 2484 annus
1666 2454 1720 2493 90,
1745 2463 1815 2496 quo

108 2501 268 2534 eonsules
303 2499 455 2540 suerunt
483 2501 713 2535 Domitianus
743 2504 916 2538 decimum
947 2507 1127 2548 quintum,
1163 2506 1282 2540 Nema
1320 2507 1437 2540 adhue
1465 2509 1630 2550 privatus
1663 2510 1816 2550 iterum5

108 2557 255 2589 honoris
271 2567 380 2590 causa
405 2558 463 2589 hic
486 2557 582 2589 solus
597 2560 805 2592 nominatur
827 2563 1026 2604 anticipato
1043 2565 1272 2605 imperatoris
1291 2564 1395 2597 titulo
1413 2564 1528 2608 (Mo).
1544 2583 1589 2590 —
1616 2566 1671 2607 12)
1698 2565 1815 2599 Testa·

106 2614 223 2645 mento
242 2614 334 2655 poni
356 2615 472 2648 iussit.

221 2691 334 2738 2119
378 2695 429 2734 M.
453 2695 655 2735 Curvelius
682 2702 687 2739 Ι
714 2696 764 2735 Μ.
790 2697 842 2736 fil.
864 2698 1025 2739 Aniens.
1053 2697 1059 2753 Ι
1086 2699 1286 2740 Robustus
1307 2701 1386 2741 mil.
1410 2701 1415 2756 Ι
1439 2703 1573 2741 cohor.
1596 2702 1612 2741 1
1639 2702 1812 2742 Flaviae¹

63 2763 72 2769 '
109 2757 117 2814 Ι
148 2760 306 2800 urban.²
336 2761 364 2801 D
391 2762 580 2810 Herenni,
607 2761 614 2815 Ι
640 2769 874 2804 testamento
904 2765 978 2806 sibi
1008 2767 1094 2806 fieri
1124 2767 1247 2808 iussit.
1298 2769 1344 2808 fl.
1376 2782 1414 2821 p.
1446 2770 1497 2808 c.³

223 2827 394 2870 Lugduni
419 2827 569 2870 (Allmer
594 2831 628 2860 et
649 2829 802 2863 Dissard
825 2829 940 2864 museo
971 2832 1014 2866 de
1039 2832 1139 2877 Lyon
1164 2834 1184 2867 Ι
1207 2845 1245 2877 p.
1269 2836 1358 2878 447).
1383 2854 1426 2859 -
1462 2837 1493 2875 1)
1521 2837 1543 2867 Ρ
1567 2837 1601 2866 et
1624 2834 1648 2867 L
1672 2834 1814 2868 litterae

109 2881 252 2924 ligatae,
266 2884 360 2917 unde
371 2886 515 2927 priores
532 2885 720 2918 ediderunt
735 2885 867 2921 Faviae.
885 2906 926 2912 —
944 2889 979 2931 2)
997 2888 1181 2923 Cohortem
1196 2893 1350 2933 primam
1367 2892 1541 2924 urbanam
1559 2891 1700 2924 videtur
1716 2901 1813 2924 crea·

107 2938 196 2971 uiue
230 2940 490 2983 Vespasianus5
522 2944 640 2975 eastra
672 2943 815 2985 habuit,
846 2945 990 2978 testibus
1013 2946 1126 2978 titulis
1150 2946 1256 2989 (quos
1280 2949 1477 2989 composuit
1501 2947 1569 2980 Mo.
1600 2948 1679 2990 eph.
1708 2958 1759 2990 ep.
1791 2949 1814 2980 ὅ

104 3002 142 3035 Ρ.
155 2993 235 3038 448)
252 3006 324 3029 non
338 2996 478 3039 Itomae,
494 2998 557 3031 sed
568 3001 723 3041 primum
740 2998 893 3039 sortasse
908 2999 1090 3043 Lugduni,
1105 3006 1228 3046 postea
1246 3003 1463 3045 Carthagine
1480 3002 1544 3046 (esi
1558 3002 1602 3037 N.
1614 3004 1706 3038 2420
1714 3005 1813 3048 seq),

108 3066 153 3073 —
176 3051 209 3092 3)
235 3052 340 3085 Heres
361 3054 562 3096 ponendum
587 3056 736 3088 curavit.
