1968 3268
215 139 267 179 46
973 112 1093 187 capnt
1115 141 1162 177 II.

329 236 413 298 179
457 255 697 309 Agrippinae
724 254 730 309 Ι
758 256 980 296 Germanici
1005 254 1012 308 Ι
1040 256 1227 296 Caesaris.

333 321 477 355 Veleiae
498 333 572 365 rep.
599 322 668 365 (XI
679 322 790 366 4467),
813 341 859 346 -
875 324 1099 365 Agrippinae
1121 324 1223 355 vivae
1241 324 1384 365 positus
1407 327 1458 357 est
1479 326 1587 358 etiam
1609 325 1737 358 titulus
1756 324 1810 359 IX
1821 326 1925 368 2655,

213 381 377 411 mortuae
401 378 561 422 (praeter
582 379 814 422 sepulcralem
837 378 882 414 N.
899 378 979 422 480)
1004 378 1044 411 II
1061 379 1162 412 5579.

334 502 419 549 180
464 518 549 544 ossa
585 503 591 557 Ι
625 504 865 556 Agrippinae
903 504 955 543 M.
985 504 1182 556 Agrippae
1216 500 1294 560 [fi],
1325 505 1402 545 divi
1433 506 1532 558 Aug.
1567 506 1718 559 neptis,
1747 506 1883 548 uxoris
1913 504 1920 562 Ι

217 572 441 612 Germanici
472 572 657 619 Caesaris,
685 572 690 624 Ι
716 572 853 612 matris
882 571 924 611 C.
956 571 1130 612 Caesaris
1161 572 1260 624 Aug.
1289 572 1295 626 Ι
1322 572 1543 615 Germanici
1573 573 1778 628 principis.

329 638 477 678 Romae,
510 649 604 670 urna
632 648 764 681 magna
795 649 1017 681 marmorea,
1049 650 1119 681 qua
1149 640 1264 672 medio
1290 650 1376 672 aevo
1400 650 1588 673 mensurae
1610 640 1688 673 loco
1717 641 1921 682 utebantur,

215 696 334 728 ablata
360 695 544 727 dicebatur
567 695 610 727 de
632 695 793 738 sepulcro
819 695 1083 737 Augustorum:
1111 698 1213 728 extat
1241 697 1282 728 in
1307 695 1485 739 Capitolio
1511 696 1583 739 (VI
1593 697 1686 741 886).
1709 716 1757 722 ·—-
1782 695 1922 730 Titulus

211 753 353 793 positus
377 762 408 784 a.
432 752 488 793 57,
510 754 697 794 postquam
720 751 820 792 filius
843 753 1068 794 Agrippinae
1093 751 1257 794 Caligula
1280 753 1471 795 imperium
1494 752 1646 796 adeptus
1675 754 1814 787 cineres
1844 755 1921 786 eius

216 818 261 840 ea:
285 808 504 840 Pandateria
527 808 645 840 insula
670 807 816 840 Romam
840 809 880 840 in
902 809 1144 841 mausolaeum
1168 809 1326 851 Augusti
1349 809 1475 841 detulit
1498 808 1612 851 (Suet.
1638 809 1710 844 Cal.
1733 809 1805 854 45).

325 930 407 977 181
455 933 495 973 C.
527 933 668 973 Caesar
693 932 699 987 Ι
727 933 950 973 Germanici
980 934 1154 974 Caesaris
1184 935 1210 974 f.
1237 932 1244 988 Ι
1270 934 1334 974 hic
1364 940 1559 975 crematus
1588 941 1648 975 est

323 998 439 1044 181⁸
471 1001 530 1041 Ti.
562 1001 703 1041 Caesar
729 999 735 1054 Ι
762 1000 983 1041 Germanici
1015 1001 1188 1042 Caesaris
1217 1002 1242 1041 f.
1270 999 1278 1056 Ι
1302 1002 1367 1042 hie
1396 1008 1592 1042 crematus
1622 1009 1682 1042 est

328 1066 436 1112 181b
471 1098 480 1108 .
513 1098 522 1107 .
556 1065 732 1123 [Caes]ar
757 1067 763 1121 Ι
791 1065 1045 1124 [Ge]rmaniei
1076 1070 1250 1109 Caesaris
1279 1070 1304 1109 f.
1332 1067 1339 1124 Ι
1364 1070 1429 1110 hic
1458 1075 1654 1110 crematus
1683 1076 1744 1110 est

325 1133 456 1167 Romae
481 1137 577 1178 cippi
601 1135 772 1178 quadrati
794 1146 869 1177 rep.
895 1136 943 1168 att
966 1137 1060 1168 viam
1089 1136 1310 1169 Flaminiam
1339 1146 1452 1179 prope
1482 1136 1725 1170 mausolaeum
1750 1137 1919 1180 Augusti,

215 1200 312 1223 nunc
335 1193 376 1223 in
398 1201 517 1224 museo
546 1192 721 1225 Vaticano
749 1190 817 1234 (VI
830 1193 907 1225 889.
930 1193 1007 1225 888.
1031 1193 1125 1235 890).
1176 1191 1288 1225 Tituli
1310 1193 1525 1236 sepulcrales
1547 1194 1659 1226 trium
1680 1193 1919 1236 parvulorum

213 1246 374 1287 filiorum
402 1247 617 1290 Germanici,
642 1248 683 1280 de
707 1249 834 1291 quibus
858 1247 953 1281 Suet.
981 1247 1051 1281 Cal.
1076 1248 1107 1281 7.
1177 1276 1179 1278 .

326 1371 411 1417 182
453 1372 603 1413 Neroni
625 1373 777 1412 Caesari
805 1375 811 1423 Ι
838 1372 1063 1412 Germanici
1084 1373 1259 1413 Caesaris
1277 1374 1318 1421 s.,
1343 1372 1347 1426 Ι
1370 1373 1429 1413 Ti.
1451 1373 1625 1414 Caesaris
1644 1372 1810 1424 Augusti
1831 1384 1884 1421 n.,
1907 1369 1914 1427 Ι

210 1442 285 1481 divi
326 1442 489 1494 Augusti
525 1439 674 1493 pron..
709 1441 854 1480 flamini
892 1440 1113 1492 Augustali,
1151 1439 1157 1493 Ι
1191 1441 1312 1480 sodali
1342 1441 1563 1493 Augustam
1598 1439 1606 1495 Ι
1638 1439 1760 1481 sodali
1797 1439 1914 1489 Titio,

209 1510 319 1549 fratri
351 1509 491 1557 Arvali,
519 1508 525 1561 Ι
551 1508 669 1548 fetiali
682 1509 704 1555 ¹,
737 1508 947 1559 quaestori,
978 1520 1025 1547 ex
1055 1521 1085 1547 s.
1117 1520 1150 1547 c.

322 1575 453 1608 Romae
476 1586 550 1619 rep.
573 1585 686 1618 prope
708 1575 1009 1618 amphitheatrum
1024 1574 1194 1607 Flavium
1218 1574 1287 1617 (Vl
1305 1575 1403 1619 913).
1426 1594 1471 1600 -—
1497 1574 1638 1608 Titulus
1657 1575 1797 1617 positus
1818 1575 1916 1607 inter

209 1641 342 1665 annum
365 1632 421 1673 27,
445 1642 514 1674 quo
539 1634 731 1674 quaestura
756 1631 896 1664 videtur
918 1629 1067 1670 functus
1090 1641 1161 1662 esse
1184 1630 1279 1664 Nero
1305 1630 1370 1675 (cs'.
1399 1631 1478 1666 Tac.
1503 1642 1537 1665 a.
1559 1632 1596 1673 δ’,
1617 1631 1699 1675 29),
1722 1633 1759 1663 et
1780 1640 1915 1664 annum

207 1689 266 1731 29,
289 1698 358 1730 quo
383 1689 456 1720 iam
479 1685 618 1720 Neroni
641 1688 793 1719 eutitium
816 1687 915 1729 apud
935 1690 1098 1720 senatum
1121 1688 1328 1720 struebatur
1352 1687 1453 1731 (Tac.
1478 1689 1611 1730 ann.5,
1626 1688 1682 1731 5).
1704 1706 1750 1712 -
1769 1688 1802 1729 1)
1824 1686 1915 1720 Pon-

211 1745 384 1785 tificatum
410 1744 590 1776 decretum
616 1754 687 1775 esse
710 1743 850 1776 Neroni
873 1755 904 1777 a.
929 1744 975 1776 20
998 1746 1130 1777 narrat
1155 1743 1298 1777 Tacitus
1320 1755 1354 1779 a.
1377 1744 1480 1786 5329,
1507 1753 1631 1777 errore
1652 1746 1695 1776 ut
1716 1743 1868 1777 videtur.

324 1867 408 1913 183
454 1881 540 1908 ossa
567 1868 573 1921 Ι
601 1868 769 1908 Neronis
791 1868 964 1908 Caesaris
990 1866 996 1920 Ι
1023 1869 1246 1908 Germanici
1263 1868 1436 1910 Caesaris
1467 1869 1505 1918 f„
1532 1867 1538 1922 Ι
1564 1868 1641 1909 divi
1660 1869 1760 1920 Aug.
1779 1880 1912 1922 pron„

208 1936 354 1975 flamin.
384 1934 389 1989 Ι
416 1936 649 1988 Augustalis,
682 1935 911 1987 quaestoris.

321 2001 467 2043 Romae,
506 2013 599 2034 urna
637 2012 769 2044 magna
809 2012 1026 2043 marmorea,
1065 2001 1242 2044 descripta
1274 2003 1313 2034 in
1348 2002 1523 2045 Capitolio
1561 2013 1652 2036 saec.
1682 2002 1771 2036 XIV
1774 2000 1914 2036 —XVI
1965 2041 1968 2045 ἲ

210 2056 360 2100 (ablata,
383 2061 425 2090 ut
449 2058 643 2099 dicebatur,
667 2058 709 2090 de
731 2059 892 2100 sepulcro
910 2058 1095 2102 Augusti),
1117 2060 1239 2101 postea
1259 2059 1372 2101 periit
1395 2057 1572 2102 (V1887).
1593 2077 1641 2084 —
1655 2057 1811 2093 Neronis
1828 2057 1912 2093 cao-
1963 2050 1968 2090 i

209 2115 303 2146 saris
326 2115 365 2146 in
388 2115 506 2147 insula
530 2115 657 2147 Pontia
685 2114 779 2154 same
802 2116 921 2147 necati
944 2116 1080 2147 cineres
1103 2125 1125 2147 a
1147 2114 1311 2157 Caligula
1335 2113 1452 2154 fratre
1474 2116 1514 2147 in
1537 2125 1670 2149 urnam
1693 2115 1854 2149 conditos
1877 2117 1913 2148 oe

207 2169 353 2203 Romam
383 2171 548 2203 advectos
576 2171 849 2214 mausolaeoque
880 2172 1010 2204 inlatos
1039 2182 1111 2203 esse
1139 2174 1271 2204 narrat
1298 2170 1393 2204 Suet.
1420 2171 1493 2205 Cal.
1516 2171 1571 2206 45.
1601 2191 1649 2197 -
1677 2172 1751 2205 Avi
1776 2170 1912 2205 Tiberii

207 2237 331 2260 nomen
354 2229 431 2259 sine
455 2227 561 2259 dubio
585 2227 664 2260 ideo
689 2229 855 2260 omissum
879 2230 931 2260 est
953 2228 1050 2270 quod
1071 2227 1131 2260 ille
1155 2226 1330 2260 Neronem
1352 2230 1543 2261 necaverat
1565 2218 1681 2272 (Hm).

321 2348 404 2394 184
449 2350 558 2390 Iunia
590 2351 712 2392 Silani
743 2348 819 2406 [f.¹,
848 2349 1003 2407 spon]sa
1033 2352 1201 2392 Neronis
1231 2349 1465 2408 Caes[aris]²
1489 2353 1496 2404 Ι
1522 2381 1533 2391 .
1564 2382 1574 2392 .
1606 2382 1616 2392 .

319 2416 449 2449 Romae
475 2417 547 2459 (VI
565 2418 628 2451 944
653 2418 702 2450 ad
723 2418 921 2461 exemplum
950 2418 1116 2462 Cyriaci;
1146 2419 1324 2462 supplevit
1345 2419 1514 2463 Henzen).
1542 2437 1590 2443 —
1622 2419 1655 2460 1)
1679 2417 1800 2451 silanie
1825 2417 1907 2462 Cyr-
1956 2452 1958 2454 ,

203 2491 249 2496 -
274 2473 307 2513 2)
331 2473 384 2504 De
402 2473 519 2514 Iunia,
546 2474 583 2515 Q.
604 2475 750 2508 Caecilii
772 2474 904 2507 Metelli
929 2474 1061 2508 Cretici
1083 2474 1201 2508 Silani
1225 2474 1290 2518 (cf.
1311 2475 1487 2518 Borghesi
1510 2484 1589 2518 opp.
1609 2475 1633 2507 6
1653 2483 1690 2517 p.
1704 2473 1792 2518 212)
1816 2473 1908 2518 filia,

204 2527 361 2561 Neronis
387 2528 548 2562 Caesaris
575 2530 777 2563 Germanici
799 2530 869 2570 filii
891 2541 1032 2573 sponsa,
1056 2530 1102 2571 cll
1123 2530 1205 2565 Tac.
1222 2542 1306 2564 ann.
1318 2533 1357 2572 2,
1371 2533 1426 2566 ⁴5.
1461 2531 1651 2564 Destinata
1674 2533 1755 2563 erat
1768 2529 1909 2564 Neroni
1948 2524 1951 2526 ’

204 2586 278 2617 iam
302 2587 385 2617 ante
408 2595 541 2617 annum
565 2585 605 2619 46
618 2597 653 2628 p.
673 2586 764 2629 Chr„
789 2597 857 2629 quo
878 2589 984 2630 pater
1007 2589 1083 2620 eius
1107 2599 1125 2619 e
1141 2587 1252 2631 Syria
1268 2599 1290 2621 a
1310 2586 1452 2620 Tiberio
1474 2589 1662 2620 revocatus
1685 2589 1739 2619 ost
1754 2589 1908 2630 propter

203 2642 318 2683 ipsam
347 2642 423 2673 eius
455 2651 534 2673 cum
567 2641 775 2675 Germanico
807 2643 1032 2683 adfinitatem
1063 2643 1164 2686 (Tac.
1195 2645 1216 2677 l.
1242 2644 1306 2687 c.),
1348 2641 1517 2682 defuncta
1547 2652 1621 2675 esse
1650 2642 1792 2675 videmu-
1824 2644 1906 2675 anto
1948 2649 1951 2651 “

203 2707 337 2730 annum
360 2698 418 2737 20,
441 2708 510 2739 quo
535 2698 627 2730 Iulia
652 2698 764 2730 Drusi
789 2698 950 2731 Caesaris
973 2699 1051 2739 filia
1075 2699 1213 2732 Neroni
1234 2701 1358 2742 nupsit
1382 2698 1484 2742 (Tac.
1501 2709 1584 2732 ann.
1598 2698 1726 2742 5229).

317 2808 399 2854 185
443 2810 571 2850 Druso
594 2810 746 2851 Caesari
772 2810 779 2864 Ι
805 2811 1027 2851 Germanic-i
1058 2812 1230 2853 Caesaris
1257 2811 1263 2866 Ι
1288 2812 1381 2861 filio,
1407 2811 1414 2863 Ι
1440 2811 1498 2851 Ti.
1519 2811 1684 2864 Augusti
1713 2811 1863 2863 nepoti,
1894 2809 1902 2866 Ι
1948 2838 1951 2863 ;

202 2877 277 2917 (Ιίνί
306 2878 472 2930 Augusti
502 2879 725 2930 pronepoti,
751 2878 758 2931 Ι
784 2879 982 2930 pontifici¹
1010 2877 1016 2931 Ι
1042 2879 1078 2918 d.
1110 2881 1147 2919 d.

319 2943 457 2977 Troade
481 2955 567 2987 rep„
588 2947 711 2988 postea
734 2946 775 2977 in
790 2945 926 2986 Anglia
945 2944 1125 2989 (111580).
1142 2965 1187 2970 —
1206 2947 1238 2988 1)
1254 2947 1439 2988 Augurem
1455 2942 1569 2984 fuisse
1583 2944 1742 2977 Drusum
1763 2941 1904 2977 inmas
1943 2954 1945 2956 ·

201 2998 298 3032 Suet.
325 3000 397 3033 Cal.
421 3001 476 3042 42,
500 3011 626 3033 errans
646 3003 745 3043 puto.
1827 2998 1830 3004 '
