1968 3268
174 119 259 158 334
388 117 390 119 ’
918 122 1037 168 Caput
1058 122 1122 158 VI.

176 234 400 275 dulcissimo
440 235 615 288 piissimo
650 236 657 290 Ι
693 236 983 285 amantissimo,
1024 237 1092 289 qui
1128 237 1204 278 vix.
1242 250 1336 278 anu.
1373 238 1497 279 XXIX
1522 237 1530 293 Ι
1554 251 1691 282 mense
1719 240 1738 281 1
1769 241 1872 282 dieb.

172 300 329 351 XXIIII,
360 308 400 343 et
427 303 501 343 sibi
532 309 571 343 et
599 303 692 353 suis,
723 302 790 343 lib.
818 303 825 357 Ι
851 303 1144 357 libertabusque
1173 306 1421 359 posterisque
1451 319 1603 348 eorum.

287 367 417 401 Romae
441 368 607 412 (V18476
630 370 724 402 vidit
748 370 875 414 Gaui).

285 469 396 516 1545
441 472 478 511 d.
500 484 551 510 m.
572 471 698 511 Nitori
718 471 930 513 Domitiaes
948 473 1047 526 Aug.
1069 474 1192 514 actori
1222 486 1244 514 a
1265 475 1476 524 frumento,
1505 476 1580 516 vix.
1606 489 1700 517 ann.
1719 475 1872 528 XXXV,

172 539 263 579 fecit
292 539 495 592 Lampyris
525 539 715 579 Domitiae
745 540 845 593 Aug.
875 540 942 580 lib.
973 540 1012 581 h.
1044 554 1096 581 m.
1156 573 1159 575 .

286 605 417 639 Romae
440 606 539 649 apud
560 607 793 649 Pomponium
815 606 967 640 Laetum
992 608 1062 650 (VI
1076 609 1164 642 8850
1187 608 1293 641 semel
1315 609 1521 654 descripta).

282 807 395 853 1546
438 810 475 849 (1.
506 822 558 849 m.
586 811 592 860 Ι
618 809 676 850 Ti.
708 810 856 851 Claudii
883 810 889 865 Ι
916 812 1015 864 Aug.
1046 812 1175 852 liberti
1201 811 1209 866 Ι
1235 813 1437 853 Saturnini
1463 810 1470 867 Ι
1495 825 1606 866 proc.
1630 814 1699 855 XX
1728 815 1837 856 here.
1860 813 1870 871 Ι

170 878 394 929 provinciae
421 878 426 931 Ι
453 878 632 926 Achaiae,
660 876 666 931 Ι
692 884 733 918 et
762 879 973 919 Saturnina
1004 881 1179 921 coniunx
1209 881 1236 920 f.

281 944 413 978 Romae
437 944 608 988 (V18445
630 946 723 978 vidit
744 944 916 989 Henzen).

280 1044 393 1090 1547
437 1047 481 1086 T.
512 1047 622 1088 Aelio
653 1049 751 1100 Aug.
791 1048 857 1088 lib.
886 1046 892 1102 Ι
918 1049 1123 1101 Agathopo
1153 1061 1263 1100 proc.
1294 1049 1364 1088 XX
1399 1048 1405 1104 Ι
1437 1050 1623 1100 heredit„
1656 1050 1826 1104 Sulpicia
1857 1051 1866 1106 Ι

168 1113 350 1154 Thallusa
380 1115 540 1166 coniugi
566 1114 572 1167 Ι
598 1115 701 1155 bene
731 1117 898 1156 merenti
928 1122 967 1156 et
992 1115 997 1166 Ι
1024 1116 1190 1157 heredes
1215 1115 1222 1171 Ι
1248 1117 1441 1157 fecerunt.

280 1179 411 1214 Romae
433 1192 507 1224 rep.
532 1183 571 1214 in
595 1182 815 1216 columbario
839 1183 888 1216 ad
907 1186 1049 1226 portam
1073 1182 1254 1226 Latinam,
1276 1194 1370 1216 urna
1396 1183 1468 1228 (VI
1477 1185 1567 1217 5554
1589 1183 1682 1217 vidit
1697 1184 1868 1228 Henzen).

279 1282 393 1328 1548
435 1285 473 1324 (1.
503 1298 555 1324 m.
586 1298 616 1325 s.
643 1283 649 1337 Ι
677 1285 806 1325 Aeliae
836 1285 1076 1337 Agrippinae
1114 1283 1121 1339 Ι
1153 1286 1313 1338 coniugi
1350 1287 1572 1327 rarissimae
1597 1285 1604 1340 Ι
1630 1292 1670 1326 et
1702 1287 1867 1327 sanctis-

165 1353 297 1401 simae,
325 1352 331 1406 Ι
356 1353 451 1392 vixit
479 1365 572 1392 ann.
603 1352 728 1401 XXV,
763 1350 769 1404 Ι
795 1352 1008 1405 Hypaticus
1037 1354 1248 1405 Augustor.
1279 1353 1346 1393 lib.
1373 1351 1380 1407 Ι
1406 1353 1592 1407 subproc.
1621 1353 1705 1393 XX¹
1730 1351 1738 1407 Ι
1763 1352 1867 1394 bene

164 1421 332 1460 merenti
392 1421 496 1460 fecit.

277 1422 457 1521 Emelritae
482 1487 538 1531 (II
548 1487 612 1521 487
634 1488 777 1530 saepius
793 1487 971 1530 descripta
993 1497 1084 1521 saec.
1102 1486 1214 1531 XVI).
1232 1506 1276 1512 —
1302 1489 1335 1530 1)
1352 1487 1643 1530 Subprocurator
1664 1489 1864 1522 vicesimae.

279 1598 393 1645 1549
438 1602 495 1640 dts
525 1600 671 1640 manib.
699 1601 705 1651 Ι
731 1601 850 1641 Iuliae
876 1601 883 1653 Ι
910 1601 1129 1641 Demetriae
1156 1599 1163 1655 Ι
1188 1601 1348 1641 Priscus
1368 1601 1467 1652 Aug.
1497 1600 1522 1640 l.
1550 1598 1557 1655 Ι
1581 1613 1693 1654 proc.
1722 1601 1796 1642 IIII
1824 1614 1865 1654 p.

162 1670 243 1708 Afr.
272 1667 277 1721 Ι
305 1675 344 1709 et
372 1668 512 1708 XXXX
543 1669 727 1718 Galliar.¹,
753 1667 759 1722 Ι
788 1669 945 1722 coniug.
976 1670 1155 1710 sanctiss.

274 1737 380 1769 Antii
402 1746 488 1779 rep„
513 1739 565 1768 est
579 1735 711 1769 Romae
736 1735 786 1779 (X
796 1737 882 1770 6668
903 1736 998 1768 vidit
1012 1735 1181 1779 Dressel).
1199 1754 1241 1760 —
1261 1736 1294 1778 1)
1315 1735 1535 1768 &veterator
1558 1737 1729 1778 quattuor
1748 1732 1865 1778 'publi-

161 1803 284 1826 corum
307 1792 458 1832 Africae
482 1795 518 1824 et
540 1792 834 1835 quadragesimae
860 1792 1070 1826 Galliarum.

274 1894 387 1940 1550
429 1896 487 1935 dis
507 1896 690 1935 manibus
710 1907 877 1935 sacrum.
901 1893 907 1947 Ι
925 1895 975 1934 Μ.
997 1895 1047 1934 Μ.
1065 1894 1203 1935 Coccei
1220 1894 1476 1934 verecundus
1494 1891 1500 1947 Ι
1519 1899 1558 1934 et
1576 1893 1700 1934 Verus
1717 1893 1860 1946 Pytha-

159 1964 298 2016 gorae¹
330 1965 428 2015 Aug.
455 1962 462 2015 Ι
488 1963 554 2002 lib.
585 1975 695 2015 proc.
726 1962 798 2002 1111
829 1976 867 2015 p.
899 1963 974 2011 A.²,
1005 1962 1107 2002 bene
1137 1962 1316 2001 merenti.
1343 1959 1350 2015 Ι
1377 1962 1425 2001 Η.
1453 1975 1485 2002 s.
1516 1974 1550 2001 e.

277 2030 495 2072 Carthagine
517 2040 590 2072 rep.
614 2031 653 2061 in
678 2029 791 2062 altero
816 2039 938 2061 eorum
961 2029 1217 2072 sepulcrorum,
1243 2028 1285 2061 de
1310 2028 1437 2070 quibus
1460 2028 1542 2061 dixi
1563 2027 1612 2061 ad
1625 2026 1669 2060 N.
1691 2027 1786 2070 4486,
1809 2029 1861 2060 est

161 2088 310 2120 Parisiis
334 2086 443 2130 (VIII
464 2086 499 2119 S.
523 2086 663 2130 42655).
690 2104 730 2110 —
767 2087 799 2127 1)
823 2084 1017 2129 Pythagora
1038 2085 1060 2119 f.
1085 2085 1221 2127 legerat
1244 2084 1422 2125 Selmena
1452 2084 1543 2127 lapis
1565 2083 1743 2127 admittit,
1773 2086 1861 2117 teste

164 2143 319 2185 Cagnat‚
353 2143 394 2176 id
415 2143 512 2186 quod
535 2143 703 2175 dedimus.
736 2161 780 2166 —
813 2142 846 2184 2)
870 2142 1107 2174 Procurator-2·
1130 2142 1301 2183 quattuor
1319 2141 1545 2183 publicorum
1568 2138 1728 2180 Africae.
1773 2140 1860 2174 Pro-

162 2203 346 2233 curatores
370 2200 476 2232 huius
496 2201 641 2243 generis
664 2200 839 2241 ingenuos
863 2198 968 2230 habes
991 2208 1101 2240 supra
1124 2196 1170 2230 N.
1193 2197 1277 2230 4407
1288 2207 1359 2239 seq.

271 2403 381 2449 1551
428 2405 465 2444 (1.
502 2417 552 2444 m.
592 2405 643 2444 M.
674 2404 790 2457 Ulpio
831 2403 974 2443 Cadmo
1012 2402 1111 2454 Aug.
1142 2402 1231 2451 lib.‚
1267 2400 1272 2455 Ι
1306 2401 1375 2453 qui
1411 2401 1484 2440 fuit
1520 2399 1706 2452 princeps
1742 2396 1856 2437 tabu-

157 2473 276 2513 larius
304 2475 309 2523 Ι
337 2473 376 2512 in
413 2462 678 2513 stationeXX
698 2471 984 2519 hereditatium,
1011 2468 1016 2524 Ι
1045 2471 1094 2510 Μ.
1126 2470 1264 2522 Ulpius
1293 2468 1498 2509 Secundus
1528 2472 1566 2505 et
1596 2465 1705 2518 Ulpia
1736 2464 1855 2504 Chili—

159 2541 287 2581 archis
313 2538 319 2594 Ι
347 2547 386 2580 et
413 2540 527 2591 Ulpia
549 2540 738 2579 'Felicitas
769 2540 843 2578 filia
880 2551 1016 2578 eorum
1044 2538 1050 2591 Ι
1076 2544 1244 2590 patrono
1275 2549 1346 2577 suo
1386 2535 1488 2575 bene
1525 2533 1572 2573 de
1610 2544 1652 2572 se
1687 2532 1855 2572 merenti

157 2609 277 2649 fecer.
304 2607 310 2661 Ι
338 2613 377 2648 et
405 2607 479 2668 sibi
511 2613 550 2646 et
577 2607 670 2655 suis,
701 2607 850 2647 libertis
881 2613 919 2647 et
948 2606 1161 2646 libertabus
1187 2603 1193 2659 Ι
1219 2604 1467 2656 posterisque
1496 2612 1646 2641 eorum.

269 2674 410 2717 Romae,
433 2684 529 2706 nunc
555 2674 718 2707 Veronae
742 2674 813 2713 (VI
831 2675 914 2706 8446
938 2673 1029 2706 vidit
1051 2671 1271 2714 Mommsen).

269 2775 383 2821 1552
425 2777 463 2817 d.
485 2789 536 2815 m.
561 2773 568 2829 Ι
590 2775 634 2815 Τ.
657 2774 787 2814 Flavio
809 2775 905 2825 Aug.
927 2775 951 2813 l.
980 2772 986 2826 Ι
1012 2774 1192 2814 Ianuario
1213 2771 1221 2826 Ι
1243 2771 1409 2812 adiutori
1429 2769 1591 2810 tabular.
1618 2766 1626 2822 Ι
1650 2766 1720 2806 ΧΧ
1738 2766 1853 2806 here-

158 2846 346 2894 ditatium,
374 2844 381 2899 Ι
406 2844 481 2884 vix.
512 2856 603 2883 ann.
624 2842 758 2890 XXVI,
786 2839 792 2894 Ι
818 2841 944 2881 Flavia
970 2842 1097 2882 Erotis
1124 2843 1129 2895 Ι
1155 2846 1323 2894 patrono
1348 2837 1355 2893 Ι
1381 2838 1484 2878 idem
1513 2835 1671 2887 coniugi
1697 2832 1703 2888 Ι
1729 2834 1853 2874 bene-

155 2913 324 2953 merenti
350 2912 355 2967 Ι
382 2913 487 2953 fecit.
592 2969 594 2971 q

268 2978 397 3011 Romae
424 2979 492 3022 (VI
514 2979 598 3012 8449
622 2977 716 3010 vidit
740 2975 908 3019 Henzen).
