1968 3268
126 145 206 183 192
890 147 1010 192 Caput
1034 147 1100 183 III.

235 259 322 305 856
364 262 401 302 d.
434 258 515 318 [φη]
543 261 549 315 Ι
577 262 683 314 Sept.
715 261 969 311 Aistomodio,
996 261 1003 310 Ι
1029 274 1111 314 reg.
1143 261 1302 311 Germ.¹‚
1328 261 1335 317 Ι
1363 263 1540 315 Septimii
1559 261 1821 322 Philippum}

129 337 169 373 et
197 330 432 371 Heliodorus
458 330 464 382 Ι
490 329 597 369 fratri
628 329 847 381 incompar.

240 397 417 431 Carnunti
441 395 649 437 (Petronell)
673 406 747 438 rep.
766 395 940 436 (1114455
963 395 1056 428 vidit
1078 395 1299 439 Mommsen).
1325 416 1369 422 —
1388 399 1420 440 1)
1435 397 1592 441 Regulus
1610 400 1732 441 gentis
1750 398 1833 433 Ger-

124 456 288 488 manicae
306 457 495 495 praeterea
519 455 674 495 ignotus,
699 463 721 484 a
747 451 917 495 Septimio
942 451 1070 485 Severo
1095 454 1241 485 civitate
1265 453 1426 487 donatus.

239 545 325 591 857
369 546 405 585 d.
438 558 487 584 m.
517 543 522 599 Ι
549 545 699 596 Abgar¹
726 542 733 596 Ι
760 544 969 583 Prahates²
995 543 1001 596 Ι
1028 544 1149 593 filius,
1180 557 1250 587 rex
1276 544 1282 598 Ι
1308 546 1523 599 principis?
1552 546 1796 597 Orrhenoru‚
1826 544 1833 601 Ι

127 616 264 656 Hodda
291 614 297 668 Ι
324 614 483 665 coniugi
513 613 615 653 bene
641 611 647 666 Ι
673 612 841 652 merenti
871 613 945 652 fec.

241 681 370 714 Romae
388 680 441 720 (V
438 680 457 712 I
473 679 555 713 4797
572 679 664 712 vidit
681 679 849 721 Henzen).
866 698 912 702 --
931 680 963 721 1)
980 679 1144 711 Henzeno
1169 680 1311 712 videtur
1335 681 1392 714 hic
1407 692 1479 714 esse
1493 682 1619 724 Abgar
1633 677 1837 729 (Αὒγαρος)

130 740 334 773 Osrhoenae
366 748 450 777 reoe,
483 747 504 769 a
530 735 658 769 Severo
692 736 840 768 comiter
863 734 994 768 Romae
1021 738 1183 778 receptus
1208 735 1293 775 (Dio
1317 736 1369 778 79,
1387 737 1427 771 16
1435 750 1449 778 ;
1472 737 1601 773 Herod.
1623 739 1659 779 5,
1682 740 1715 782 9,
1737 740 1791 782 2),
1814 750 1837 772 a

133 795 320 831 Caracalla
343 796 383 826 in
412 794 555 826 vincula
582 793 761 825 coniectus
785 791 872 831 (Dio
894 791 947 834 77,
970 791 1048 833 42),
1084 791 1323 826 Gutsclimidio
1348 793 1572 834 (Umor-such„
1603 796 1691 828 iiber
1713 795 1747 829 d.
1775 793 1840 828 Ge—

129 853 286 886 schiclite
318 851 378 883 des
402 849 634 891 Konigreichs
660 848 825 888 Osroene,
854 846 956 881 Mc'm.
990 849 1031 881 de
1055 847 1267 882 l’Academie
1299 849 1342 882 de
1365 850 1415 884 Sc.
1440 851 1673 894 Petersbourg
1696 851 1835 893 XXXV,

129 911 215 944 4887
229 920 265 952 p.
281 909 339 950 45)
366 907 490 948 Abgar
514 908 554 947 is,
579 915 681 948 quem
705 906 743 936 in
767 914 917 946 regnum
942 906 1080 938 avitum
1103 907 1307 938 restitutum
1331 917 1403 939 esse
1423 908 1487 940 sub
1507 906 1687 941 Gordiano
1711 908 1840 942 docent

129 967 267 1001 nummi
275 967 293 1006 (
293 963 427 998 Eclcliel
433 963 458 996 5
459 962 541 1004 ,546
541 965 556 1004 )
566 974 580 1002 ,·
596 972 672 994 eum
689 964 805 994 tamen
817 971 984 1004 umquam
992 960 1123 994 Romae
1137 961 1249 1002 fuisse
1261 973 1358 996 mera
1370 966 1423 996 est
1434 965 1746 1008 coniectura.—2)
1756 964 1840 999 Nisi

127 1024 238 1068 plura
263 1023 408 1055 turbata
426 1022 521 1061 sunt,
545 1019 687 1051 videtur
705 1018 889 1060 legendum
910 1029 982 1050 esse
999 1017 1154 1052 Phraatis
1171 1022 1206 1051 et
1216 1022 1396 1062 principis
1419 1021 1630 1054 vocabulum
1653 1021 1839 1055 delendum

131 1081 247 1122 (Ma).
298 1077 556 1119 (Gutsclimidio
588 1075 728 1108 videtur
751 1075 886 1116 Abgar,
912 1076 974 1116 qui
997 1078 1031 1107 et
1053 1076 1235 1117 Phraates,
1260 1076 1333 1108 dici
1355 1087 1422 1109 rem
1449 1076 1720 1118 Osrhoenorum,
1744 1078 1839 1111 idm

130 1138 228 1178 filius
247 1136 447 1179 principis;
466 1135 607 1176 patrem
632 1132 726 1164 enim
749 1131 844 1171 eius,
875 1130 1047 1163 Mannum
1076 1131 1208 1164 dictum
1231 1134 1269 1164 in
1293 1134 1461 1172 nummis,
1493 1134 1590 1175 regis
1613 1135 1756 1166 nomine
1779 1135 1839 1167 ab·

129 1194 323 1231 stinuisse).
344 1210 386 1215 —-
403 1190 462 1223 Ad
477 1188 631 1221 eiusdem
649 1187 772 1220 domus
788 1189 910 1230 regiae
927 1189 1085 1220 homines
1105 1191 1238 1231 spectat
1261 1188 1354 1222 alter
1370 1189 1498 1222 titulus
1512 1188 1643 1223 Romae
1666 1194 1839 1234 repertus,

131 1251 287 1293 scriptus
310 1248 468 1280 versibus
494 1246 650 1285 Graecis,
674 1255 730 1287 ap.
758 1243 879 1277 Kaibel
902 1255 953 1287 ep.
981 1244 1040 1278 Gr.
1064 1246 1135 1278 585
1157 1262 1201 1274 =
1225 1246 1335 1279 Inscr.
1364 1245 1422 1279 Gr.
1448 1246 1528 1280 Ital.
1551 1247 1650 1280 Sicil.
1674 1247 1773 1282 4545.

243 1394 331 1440 858
460 1393 713 1435 Numidarum
746 1392 870 1444 prima
902 1392 1110 1433 mulierum
1137 1392 1144 1447 Ι

460 1462 662 1509 Plancina,
694 1472 841 1512 genere
872 1460 994 1512 regio,
1021 1459 1027 1514 Ι

460 1530 566 1570 hona
595 1534 731 1576 mater,
763 1528 868 1567 bona
899 1529 1086 1577 coniunx,
1114 1529 1121 1583 Ι

460 1598 524 1638 hic
554 1610 640 1638 sum
672 1596 822 1648 sepulta
852 1597 984 1637 multis
1010 1595 1017 1650 Ι

465 1662 667 1721 [l]aerimis
697 1677 878 1704 meorum
908 1665 1061 1714 amaris,
1088 1663 1095 1719 Ι

461 1739 640 1773 matrona
672 1733 838 1773 honesta
868 1739 1024 1785 praeter
1054 1733 1146 1773 alias
1177 1730 1386 1788 femina[s]‚
1413 1732 1419 1787 Ι

460 1801 524 1840 hic
555 1813 641 1840 sum
673 1801 824 1852 sepulta
855 1807 988 1841 exorta
1018 1813 1163 1852 genere
1193 1801 1315 1852 regio,
1342 1800 1348 1854 Ι

459 1875 520 1907 ter
549 1868 673 1908 denos
703 1880 831 1908 annos
861 1875 899 1908 et
927 1874 990 1908 ter
1019 1875 1155 1908 ternos
1185 1869 1319 1907 functa
1349 1880 1441 1908 cura
1469 1866 1494 1922 Ι

460 1936 655 1975 honarum
686 1936 933 1975 feminarum.
995 1935 1041 1982 Q.
1074 1933 1319 1991 [AJrruntius
1348 1936 1442 1976 Mas.
1474 1934 1581 1992 fi[l.[.

246 2004 359 2045 Prope
393 2002 532 2035 Siccam
565 2002 995 2045 Veneriam-provinciae
1025 2001 1175 2042 Africae
1207 2013 1280 2045 rep.
1313 2002 1419 2045 (Epic.
1452 2013 1504 2046 ep.
1527 2004 1562 2046 ὅ,
1584 2003 1655 2037 655
1684 2003 1844 2037 Schmidt

131 2060 224 2093 vidit
246 2061 439 2102 eclypum).

244 2138 329 2184 859
372 2152 445 2192 pro
477 2139 543 2179 sal.
570 2146 608 2179 et
636 2138 754 2178 incol.
776 2150 858 2190 reg.
881 2138 1065 2178 Masunae
1090 2146 1196 2191 gent.
1224 2138 1230 2193 Ι
1257 2139 1378 2179 Maur.
1411 2146 1450 2179 et
1470 2140 1711 2189 Romanor),
1743 2147 1842 2180 cast-

132 2221 233 2248 rum.
271 2208 396 2247 edific.
430 2219 451 2246 a
471 2205 711 2259 Maslgiviui²
740 2207 840 2258 pref.
872 2207 919 2245 de
945 2205 1084 2246 Safar-‚³
1113 2205 1136 2230 ’³‘
1156 2207 1274 2247 iidir.⁴
1304 2219 1414 2259 proc.
1446 2203 1584 2261 castlra
1615 2206 1841 2255 Severian.⁶‚

135 2289 251 2328 quem
267 2276 429 2316 Masuna
445 2275 576 2314 Altava
596 2274 729 2327 posuit
748 2271 753 2328 Ι
771 2280 808 2313 et
825 2273 979 2313 Maxim.
1001 2286 1110 2326 proc.
1129 2275 1203 2314 Alt.
1221 2276 1383 2327 perfec„
1403 2287 1442 2326 p.
1459 2287 1497 2327 p.
1517 2275 1841 2315 CCCCLXVIIII.⁶

245 2343 286 2375 In
311 2342 537 2374 Mauretania
570 2341 646 2374 loco
678 2340 772 2373 dicto
798 2340 938 2383 Hadjar
962 2339 1118 2381 er-Rum,
1142 2343 1217 2374 iam
1240 2340 1493 2383 Lamoriciere,
1517 2342 1579 2374 ubi
1600 2339 1675 2380 ficit
1697 2341 1838 2382 Altava,

130 2409 204 2442 rep.
230 2410 262 2434 a.
281 2398 364 2431 4877
389 2398 494 2438 (VIII
508 2398 598 2431 9855
624 2396 670 2436 of.
695 2407 731 2438 p.
748 2397 812 2430 973
835 2397 928 2429 vidit
946 2397 1174 2439 Wilmanns).
1197 2416 1242 2422 —
1269 2399 1299 2440 1)
1325 2399 1547 2439 Μασσωνὸἷς
1569 2397 1716 2439 regulus
1739 2397 1842 2430 Mau-

135 2464 270 2495 rorum,
295 2464 395 2496 quem
419 2456 549 2486 narrat
572 2454 768 2496 Procopius
797 2454 890 2493 (bell.
916 2453 1031 2487 Vand.
1055 2454 1091 2495 2,
1115 2455 1176 2495 15)
1202 2464 1296 2487 anno
1318 2455 1388 2488 553
1411 2453 1580 2487 Romanis
1610 2464 1646 2486 se
1669 2454 1842 2497 iuna-²230,

133 2509 289 2549 fortasse
304 2510 398 2542 idem
417 2513 477 2549 est,
501 2512 543 2541 ut
559 2509 651 2541 vidit
666 2509 869 2550 Mommsen,
895 2513 1002 2552 atque
1018 2510 1077 2543 lzz'e
1092 2510 1254 2544 Masuna.
1294 2511 1348 2544 Eo
1365 2513 1530 2553 tempore,
1555 2519 1623 2552 quo
1641 2510 1700 2542 hie
1715 2509 1841 2543 titulus

131 2568 270 2610 positus
293 2569 346 2598 est
369 2565 432 2606 (cf,
457 2569 531 2598 not.
555 2567 611 2607 6),
640 2576 719 2597 cum
750 2565 907 2599 Vandali
941 2566 1156 2609 Carthagine
1189 2567 1480 2608 dominarentur,
1508 2567 1581 2598 sive
1599 2575 1684 2611 pum
1714 2567 1841 2609 ipsum,

133 2625 208 2655 sive
238 2622 351 2654 alium
383 2621 535 2654 eiusdem
567 2624 722 2653 nominis
753 2626 786 2654 et
809 2623 1047 2665 condicionis,
1084 2623 1299 2666 appellatum
1323 2633 1395 2655 esse
1416 2631 1537 2664 regem
1556 2623 1719 2664 gentium
1742 2621 1843 2654 Mau-

135 2689 261 2712 rarum
285 2680 377 2718 (sive
400 2677 627 2719 Maurorum)
653 2681 687 2709 el
710 2677 960 2721 Romanorum,
985 2679 1088 2712 valde
1111 2680 1266 2712 notabile
1291 2681 1352 2711 est.
1384 2698 1426 2702 —
1455 2679 1490 2720 2)
1516 2678 1612 2711 Idem
1634 2679 1712 2710 sine
1734 2678 1840 2710 dubio

135 2736 304 2769 Maurum
327 2745 456 2768 nomen
482 2735 638 2774 occurit,
671 2736 712 2766 ut
735 2736 874 2766 monuit
896 2735 1103 2776 Mommsen,
1135 2736 1233 2779 apud
1256 2735 1445 2777 Corippum
1468 2735 1616 2767 Iollann.
1639 2735 1670 2774 4,
1693 2734 1768 2767 934.
1796 2752 1843 2758 --

137 2794 170 2835 3)
199 2790 311 2832 Safar
335 2791 473 2824 videtur
496 2789 610 2830 fuisse
634 2790 802 2832 oppidum
826 2790 1074 2824 Mauretaniae
1099 2793 1253 2824 vicinum
1276 2792 1437 2834 Altavae,
1461 2789 1508 2830 cf.
1535 2790 1570 2825 C.
1598 2789 1689 2824 VIII
1703 2800 1740 2833 p.
1762 2790 1843 2823 858.

135 2868 181 2873 —
205 2851 237 2891 4)
266 2847 484 2883 Vocabulum
509 2848 705 2880 obscurum.
750 2846 974 2886 Villel'ossius
998 2848 1086 2890 legit
1107 2847 1203 2891 lldir,
1223 2850 1355 2891 putans
1378 2847 1570 2880 Ildericum
1593 2846 1746 2889 aliquem
1769 2855 1842 2878 una

135 2915 214 2938 cum
230 2905 431 2948 Masgivine
455 2906 611 2936 castrum
635 2902 849 2943 aedificasse.
867 2922 912 2927 -—
929 2906 961 2946 5)
981 2904 1105 2937 Castra
1125 2904 1318 2938 Severiana
1342 2906 1377 2936 et
1399 2905 1478 2946 ipsa
1502 2902 1670 2946 oppidum
1693 2901 1843 2941 fuemnt

134 2962 393 2994 Mauretaniae.
420 2979 462 2984 —
488 2961 521 3001 6)
545 2960 702 2992 Positum
727 2960 774 3000 (ἲ)
796 2960 1006 3001 provinciae
1033 2963 1160 3002 (anno)
1184 2962 1257 3002 469,
1280 2961 1305 2993 i.
1330 2970 1358 2992 e.
1382 2970 1476 2992 anno
1499 2969 1537 3002 p.
1556 2958 1635 2992 Clzr.
1650 2959 1727 2992 508.
1775 2957 1844 2998 (De

136 3028 223 3050 aera
246 3018 455 3060 provinciae
479 3015 726 3049 Mauretaniae
752 3014 798 3054 cfi
826 3015 860 3048 C.
887 3015 977 3049 VIII
994 3027 1028 3058 p.
1046 3016 1159 3057 4062).
