1968 3268
223 77 276 114 IV
972 77 1171 113 Praefatio.
1957 59 1961 144 ἶ

786 148 790 150 Δ
1333 157 1335 159 v
1959 145 1962 175 y

225 191 463 233 minusduo
494 191 690 231 volumina
719 190 947 243 impleturas
976 203 1060 231 esse
1079 190 1264 238 viderem,
1294 195 1499 242 praeterea
1522 191 1720 243 integrum
1739 191 1924 232 volumen
1959 180 1962 239 l

227 258 427 299 indicibus
456 258 735 298 reservandum
766 263 881 308 esset,
908 258 1050 298 horum
1079 259 1200 298 trium
1227 257 1473 297 voluminum
1503 258 1675 310 primum
1709 259 1788 299 iam
1815 270 1926 299 nunc
1960 246 1964 278 ἶ

224 326 403 366 emittere
434 325 593 378 placuit.

338 394 394 433 De
425 393 590 433 consilio
620 392 764 444 operis,
794 393 901 443 quod
930 397 1137 432 secuturus
1160 395 1244 430 erat
1263 390 1441 440 Henzen,
1471 397 1512 431 et
1531 393 1637 444 quod
1657 404 1732 444 ego
1761 397 1922 433 secutus

225 474 327 510 sum,
358 460 551 501 nonnulla
579 460 762 499 videntur
790 457 1002 498 monenda.
1061 458 1236 509 Seligere
1266 457 1387 507 volui,
1427 464 1466 498 et
1492 459 1533 499 in
1569 471 1694 512 pauca
1723 459 1924 500 volumina

223 528 399 568 redactas
429 538 668 580 proponere,
700 538 748 565 ex
777 525 930 578 ingenti
958 525 1266 577 inscriptionum
1285 525 1514 566 Latinarum
1543 539 1711 567 numero
1738 539 1804 567 eas
1824 539 1925 579 quae

227 608 291 636 res
320 595 419 635 scitu
457 595 623 634 maxime
657 594 795 645 dignas
825 593 1101 641 continerent,
1142 592 1269 645 aliqua
1299 593 1453 634 ratione
1482 594 1613 634 habita
1643 594 1760 635 etiam
1788 606 1923 635 earum
1959 631 1961 634 ,

225 675 325 715 quae
345 668 509 715 propter
531 673 753 701 sermonem
783 660 1057 700 memorabiles
1087 666 1232 709 essent,
1263 660 1369 700 nulla
1399 673 1546 711 earum,
1577 674 1675 714 quae
1705 662 1924 715 scripturae

221 736 374 771 tantum
394 741 541 781 genere
561 728 820 778 excellerent3
857 728 1075 780 scripturae
1096 728 1201 767 enim
1222 727 1463 769 diversitates
1485 730 1572 770 sine
1601 730 1714 771 iustis
1742 730 1924 782 imagini-

220 798 295 838 bus
315 796 602 850 repraesentari
623 801 840 847 nequeunt.
891 795 1086 835 Destinavi
1107 795 1251 835 librum
1272 796 1363 836 viris
1389 797 1515 837 doctis
1544 798 1612 849 qui
1642 810 1706 838 res
1726 798 1924 839 Romanas

218 870 372 914 curant,
402 876 550 917 paucos
580 863 685 902 enim
707 875 791 902 esse
812 863 918 902 inter
938 862 1011 902 hos
1030 869 1127 915 puto
1149 864 1215 914 qui
1236 863 1389 916 integra
1410 864 1596 917 Corporis
1615 866 1920 918 inscriptionum

218 933 446 973 Latinarum
489 930 687 970 volumina
732 929 837 969 domi
875 930 1069 979 habeant;
1114 931 1230 971 simul
1273 937 1404 971 autem
1440 931 1497 972 eis
1533 932 1601 984 qui
1642 933 1922 986 inscriptiones

218 999 395 1040 nondum
427 998 643 1050 attigerunt
671 997 818 1037 aditum
847 997 894 1036 ad
924 997 1021 1036 haec
1050 998 1177 1038 studia
1206 998 1423 1038 faciliorem
1452 999 1617 1040 reddere
1645 1000 1765 1049 volui,
1802 999 1921 1052 idque

214 1066 343 1107 tribus
372 1066 505 1113 rebus,
536 1065 686 1114 ordine,
719 1077 836 1116 quem
865 1065 917 1104 ita
948 1065 1122 1113 institui,
1159 1071 1205 1105 ut
1242 1066 1522 1118 inscriptiones
1558 1080 1601 1107 se
1631 1067 1800 1107 invicem
1829 1067 1920 1108 iuu-

215 1140 407 1183 strarent;
446 1133 717 1181 adnotatione,
758 1145 834 1184 qua
863 1132 980 1172 modo
1011 1132 1228 1172 difficiliora
1258 1134 1319 1173 vel
1349 1134 1518 1174 obscura
1547 1135 1744 1187 explicare
1772 1134 1918 1184 studui,

216 1202 373 1254 saepius
411 1201 588 1252 legentes
626 1200 793 1251 relegavi
831 1200 878 1239 ad
926 1206 1019 1239 nota
1064 1201 1296 1252 compendia
1333 1202 1519 1242 historiae
1563 1202 1920 1254 antiquitatumque

217 1269 507 1317 Romanarum3
538 1267 710 1319 denique
739 1267 958 1319 scripturae
989 1280 1147 1320 genere.
1198 1269 1330 1321 Typos
1353 1270 1460 1309 enim
1489 1282 1558 1310 eos
1587 1269 1747 1309 adhibui
1777 1268 1920 1321 quibus
1951 1298 1955 1338 ³

217 1337 258 1377 in
289 1342 467 1377 veterum
499 1343 704 1375 auctorum
737 1336 895 1387 scriptis
925 1336 1086 1376 edendis
1106 1336 1181 1375 iam
1202 1337 1347 1376 dudum
1369 1336 1529 1386 utimur,
1558 1338 1651 1376 item
1673 1336 1760 1376 cola
1779 1336 1918 1376 eodem
1942 1342 1950 1397 (ν’

218 1404 336 1444 modo
369 1403 435 1455 qui
465 1403 506 1442 in
538 1402 613 1442 illis
643 1401 815 1442 obtinuit
843 1403 1014 1443 distinxi.
1066 1403 1251 1456 Corporis
1280 1405 1583 1456 inscriptionum
1613 1404 1798 1453 editores,
1827 1400 1945 1452 cum}

218 1471 523 1523 inscriptionum
559 1469 830 1521 antiquarum,
869 1471 908 1510 in
940 1470 1001 1510 his
1030 1472 1238 1512 multarum
1277 1473 1507 1521 fractarum,
1542 1478 1582 1512 et
1610 1472 1663 1512 ita
1692 1472 1917 1520 fractarum,
1936 1467 1944 1527 l

214 1545 260 1579 ut
289 1551 371 1578 non
403 1550 489 1577 raro
521 1537 739 1578 dimidiatae
770 1537 921 1577 litterae
960 1544 1113 1587 extent,
1152 1539 1328 1591 exempla
1365 1539 1439 1580 sibi
1477 1540 1614 1580 tradita
1652 1539 1698 1579 ad
1737 1543 1945 1614 posteros}

216 1617 436 1658 propagare
465 1605 614 1653 volunt,
645 1605 832 1657 antiquae
861 1606 1081 1657 scripturae
1111 1606 1251 1647 ductus
1281 1614 1472 1659 quantum
1503 1607 1588 1647 fieri
1617 1607 1747 1660 potuit
1773 1605 1944 1646 imitari
1945 1644 1947 1650 ,

215 1673 460 1721 debuerunt3
480 1672 575 1711 mihi
597 1673 751 1712 utilitati
771 1679 810 1712 et
830 1674 1095 1713 commoditati
1115 1674 1310 1714 lectorum
1330 1675 1476 1715 servire
1496 1674 1618 1715 licuit.
1633 1697 1689 1704 --
1709 1674 1755 1714 In
1776 1673 1915 1714 indici·

213 1741 287 1781 bus
309 1740 567 1780 conficiendis
589 1740 738 1780 indices
760 1740 945 1793 Corporis
967 1742 1273 1793 inscriptionum
1295 1742 1521 1782 Latinarum
1537 1754 1610 1794 pro
1632 1753 1770 1781 norma
1784 1746 1915 1782 erunt.
1946 1731 1947 1734 Ἴ

328 1807 463 1858 Longe
495 1807 567 1847 alia
597 1814 727 1848 autem
757 1821 842 1847 mea
873 1809 946 1848 fuit
970 1809 1149 1848 condicio
1180 1821 1295 1860 quam
1327 1821 1464 1849 eorum
1486 1809 1553 1860 qui
1580 1816 1672 1849 ante
1693 1821 1756 1849 me
1776 1809 1915 1849 similia

215 1886 337 1926 opera
368 1874 642 1915 condiderunt.
695 1875 789 1914 Mihi
820 1875 875 1914 via
906 1876 980 1915 fuit
1010 1876 1202 1928 expedita,
1233 1877 1307 1916 illis
1336 1877 1487 1916 lubrica
1516 1883 1556 1917 et
1583 1867 1912 1929 plenaobstacu-
1950 1899 1953 1925 ἰ

212 1942 355 1981 lorum.
405 1942 601 1994 Imprimis
624 1942 768 1983 Orellio
791 1942 1097 1983 conflictandum
1119 1951 1201 1984 erat
1221 1956 1310 1984 cum
1335 1944 1450 1984 variis
1470 1943 1775 1984 difficultatibus.
1822 1943 1912 1996 lpse
1949 1990 1952 1994 „

213 2021 358 2061 paucas
387 2009 666 2061 inscriptiones
695 2010 856 2058 viderat,
887 2023 1017 2061 neque
1045 2016 1130 2050 tum
1159 2018 1411 2051 assueverant
1440 2011 1509 2051 viri
1540 2011 1665 2059 docti,
1702 2011 1736 2051 si
1764 2023 1913 2064 paucos
1949 2017 1953 2045 ἰ

215 2077 427 2128 exceperis,
459 2077 785 2129 inscriptionibus
814 2077 1049 2126 tractandis;
1089 2079 1155 2118 sed
1195 2090 1259 2119 res
1289 2079 1323 2118 ei
1354 2085 1438 2118 erat
1466 2091 1556 2119 cum
1586 2078 1719 2119 multis
1755 2078 1912 2119 milibus
1951 2118 1953 2124 ,

212 2143 517 2195 inscriptionum
539 2145 671 2184 relatis
690 2145 729 2184 in
753 2157 920 2196 corpora
942 2145 1113 2193 Gruteri,
1134 2145 1262 2195 Gudii,
1284 2146 1469 2192 Reinesii,
1500 2146 1714 2193 Muratorii,
1743 2146 1911 2186 aliorum
1950 2139 1954 2183 ἕ

217 2222 263 2249 ex
294 2209 472 2250 fontibus
502 2212 668 2251 turbidis
697 2212 757 2252 vel
787 2212 943 2264 ignotis,
973 2213 1065 2252 item
1097 2226 1185 2252 cum
1208 2213 1530 2266 inscriptionibus
1549 2213 1682 2253 relatis
1710 2213 1750 2254 in
1782 2213 1911 2254 omnis

213 2279 370 2329 generis
392 2279 671 2331 Ephemeridas
700 2279 749 2319 ab
779 2280 1006 2319 auctoribus
1036 2281 1082 2319 de
1113 2292 1282 2331 quorum
1313 2281 1388 2320 fide
1418 2281 1477 2321 vel
1496 2281 1635 2333 peritia
1665 2280 1798 2320 nullus
1827 2285 1911 2320 erat
1950 2285 1952 2307 Ξ

210 2346 341 2395 testis;
380 2347 431 2386 ita
462 2352 506 2386 ut
536 2347 679 2387 mirum
709 2347 779 2396 sit,
820 2360 900 2387 non
937 2348 1092 2399 saepius
1123 2348 1312 2388 Orellium
1351 2349 1391 2388 in
1433 2348 1576 2388 iudicio
1607 2347 1656 2387 de
1683 2347 1910 2388 sinceritate
1946 2336 1950 2386 s

211 2412 515 2465 inscriptionum
556 2415 707 2466 lapsum
747 2427 844 2455 esse.
911 2415 1120 2466 Aliquanto
1158 2416 1309 2455 facilior
1346 2428 1411 2456 res
1447 2416 1546 2455 facta
1583 2420 1668 2455 erat
1696 2414 1907 2464 Henzeno;
1943 2411 1947 2458 s

210 2479 286 2518 iam
320 2480 424 2519 enim
456 2481 540 2532 ipse
571 2487 754 2533 coeperat
783 2482 823 2521 in
854 2483 1000 2523 muscis
1030 2483 1139 2522 urbis
1159 2483 1306 2523 Romae
1326 2483 1619 2535 inscriptiones,
1649 2482 1726 2522 iam
1745 2482 1908 2523 Rossius

212 2553 397 2598 coeperat
435 2547 475 2586 in
514 2547 763 2588 bibliothecis
810 2550 919 2589 urbis
955 2550 1102 2589 Romae
1142 2549 1296 2590 codices
1335 2549 1608 2602 epigraphicos
1644 2549 1905 2602 perlustrare;

211 2613 287 2652 iam
326 2626 406 2653 una
435 2626 523 2654 cum
564 2615 649 2667 ipso
688 2622 726 2654 et
756 2616 894 2656 Rossio
924 2616 1193 2657 Mommsenus
1230 2630 1272 2657 se
1310 2617 1538 2669 accingebat
1575 2616 1623 2656 ad
1653 2617 1806 2669 Corpus
1842 2617 1931 2658 in-,

210 2681 471 2733 scriptionum
503 2681 730 2721 Latinarum
760 2683 1023 2723 condendum.
1083 2684 1228 2732 Hodie,
1259 2684 1433 2737 Corpore
1466 2684 1770 2736 inscriptionum
1799 2683 1884 2724 Lati

209 2760 348 2788 narum
382 2761 508 2800 paene
539 2748 586 2788 ad
616 2749 736 2788 finem
766 2751 978 2801 perducto,
1017 2751 1303 2802 supplementis
1332 2752 1447 2792 etiam
1475 2751 1560 2791 sine
1598 2763 1708 2790 mora
1745 2763 1840 2804 para
1860 2751 1869 2758 '

210 2814 285 2853 iam
317 2828 363 2855 eo
394 2821 627 2868 perventum
668 2822 744 2864 est,
785 2823 828 2856 ut
857 2818 904 2857 de
935 2818 1257 2870 inscriptionibus
1291 2819 1383 2858 olim
1418 2818 1623 2870 descriptis
1660 2818 1727 2858 sed
1767 2831 1819 2871 po

209 2881 420 2933 deperditis
448 2883 509 2922 vix
539 2895 722 2934 umquam
763 2884 930 2923 dubitari
967 2886 1109 2937 possit,
1147 2898 1167 2924 a
1199 2898 1277 2938 quo
1306 2886 1367 2926 vel
1397 2891 1502 2926 certe
1538 2897 1559 2924 a
1597 2885 1710 2926 cuius
1745 2897 1771 2937 g

206 2948 268 2987 vel
297 2949 439 2989 indolis
468 2955 628 2990 auctore
659 2950 876 3003 descriptae
909 2951 1007 3001 sint;
1048 2965 1182 2992 earum
1221 2959 1349 2993 autem
1381 2965 1480 3005 quae
1510 2958 1644 2992 extant
1679 2965 1727 3004 ap
