1968 3268
92 102 175 141 284
381 115 384 118 ’
823 101 944 146 caput
967 101 1053 137 1111.

94 231 170 271 que
211 219 423 271 insignium
458 218 464 270 Ι
497 217 830 269 contemplatione
869 217 917 256 ad
957 216 1196 268 posteritatis
1230 216 1236 269 Ι
1268 217 1499 256 memoriam
1537 217 1798 258 decorandam

92 292 258 326 statuam
289 287 361 327 sub
389 284 394 340 Ι
421 299 517 327 auro
547 286 764 336 fulgentem
795 285 836 324 in
858 285 945 324 foro
966 284 1042 324 divi
1062 284 1220 324 Traiani
1247 282 1253 338 Ι
1279 284 1377 336 erigi
1408 284 1687 336 conlocarique
1715 285 1799 326 ius-

92 361 242 394 Sssl'unt.

210 420 341 454 Romae
366 420 437 460 (VI
457 420 542 453 4727
568 419 660 451 vidit
676 419 845 460 Henzen).
861 438 906 442 —
932 420 965 460 1)
989 418 1078 452 Fuit
1101 420 1269 451 tribunus
1285 422 1319 451 el
1334 421 1502 452 notarius
1525 417 1592 462 (ef.
1607 418 1800 453 Mommsen

92 477 244 511 Staatsr.
272 478 292 510 I
309 489 343 520 p.
367 477 435 510 527
459 479 531 509 not.
555 476 609 519 5).
635 494 674 499 —
703 477 736 516 2)
762 474 862 508 sacrii
893 474 993 518 lapis.
1022 495 1056 499 —
1090 476 1123 517 3)
1148 476 1192 509 Α.
1214 476 1302 516 399‚·
1332 486 1415 508 nam
1445 476 1662 518 Peregrinus
1686 486 1800 510 comes

91 537 127 566 et
144 537 364 576 procurator
388 533 530 565 divinae
554 533 679 565 domus
703 532 751 564 ad
774 541 876 574 quem
898 533 1045 574 scripsit
1067 532 1246 575 Honorius
1268 543 1301 565 a.
1317 534 1385 567 599
1409 533 1504 573 (cod.
1533 531 1663 566 Theod.
1685 534 1719 575 9,
1739 533 1797 584 42,

90 591 160 633 46),
185 591 325 623 videtur
347 590 439 622 idem
463 600 543 622 esse.
586 588 638 628 Cf.
661 588 863 628 Hirschfeld
879 589 995 622 Verw.
1013 589 1031 621 4
1054 599 1089 631 p.
1106 590 1149 622 48
1172 592 1244 622 not.
1262 589 1280 622 4
1291 605 1303 632 ‚·
1326 588 1518 622 Mommsen
1542 600 1649 623 neues
1664 590 1798 623 Archiv

90 646 119 686 s'.
145 648 223 679 aelt.
251 647 414 679 deutsche
441 645 559 679 Gesch.
585 645 636 686 44,
661 645 748 679 4889
776 655 813 687 p.
837 647 898 678 464
922 648 997 678 not.
1020 646 1055 679 5.
1086 664 1124 668 —-
1149 647 1183 687 4)
1208 645 1261 677 De
1289 643 1534 687 praefecturis
1563 647 1666 680 urbis
1695 647 1798 680 Pere-

87 705 192 745 grini
216 702 260 742 esi
288 704 330 735 de
354 702 456 736 Bassi
479 713 562 736 ann.
588 706 666 735 inst.
693 703 791 735 arch.
816 702 900 735 4849
923 713 958 743 p.
975 701 1042 736 349
1066 705 1139 734 not.

203 783 317 829 1276
361 785 561 825 Postumio
593 784 802 837 Lampadio
834 796 867 822 v.
898 796 932 822 c.
961 783 966 837 Ι
994 791 1032 823 et
1066 784 1242 831 inlustri,
1275 795 1385 823 cons.
1417 783 1579 836 Camp.¹,
1606 783 1613 838 Ι
1639 785 1798 825 restitu-

90 854 167 892 tori
198 854 345 905 patriae
381 852 386 906 Ι
421 859 460 892 et
496 852 797 904 redintegratori
829 864 994 903 operum
1020 851 1025 903 Ι
1054 851 1323 903 publicorum,
1363 851 1513 892 ordinis
1545 852 1756 906 provisori,
1789 851 1796 908 Ι

90 922 227 974 populi
257 921 500 966 subventori,
533 921 583 959 oh
608 920 777 971 insignia
804 917 809 974 Ι
836 919 920 958 eius
945 919 1142 966 unibersa,
1173 926 1342 971 patrono
1363 920 1482 971 longe
1508 918 1515 974 Ι
1540 932 1561 959 a
1581 920 1798 962 maioribus

93 990 287 1041 originali,
320 989 416 1028 ordo
444 987 450 1043 Ι
477 988 694 1040 Capuensis
722 988 802 1026 voti
832 994 870 1026 et
901 986 1064 1038 obsequi
1094 987 1153 1026 sui
1180 983 1187 1039 Ι
1213 987 1357 1038 pignus
1388 987 1541 1027 locavit.

206 1056 348 1098 Capuae
381 1055 428 1095 (X
449 1056 538 1089 5860
561 1057 703 1097 partem
735 1053 825 1085 vidit
855 1051 1064 1095 Mommsen,
1100 1055 1242 1095 integra
1276 1054 1453 1097 descripta
1484 1055 1676 1097 aliquoties
1704 1065 1795 1089 saec.

91 1112 338 1156 XVIJXVIII).
364 1131 405 1135 —
435 1113 465 1153 1)
490 1111 584 1143 Idem
609 1110 809 1143 consularis
827 1110 1041 1152 Campaniae
1066 1114 1116 1142 est
1138 1109 1172 1142 X
1185 1110 1277 1143 4704.
1322 1111 1417 1143 Idem
1440 1111 1583 1144 videtur
1600 1112 1798 1144 Postumius

91 1169 312 1211 Lampadius
335 1167 540 1210 praefectus
562 1168 662 1199 urbis
685 1166 815 1199 Romae
839 1169 936 1199 inter
958 1177 991 1199 a.
1015 1166 1193 1200 405-408
1216 1166 1267 1207 (V
1267 1167 1286 1199 I
1298 1167 1414 1209 9920).

209 1248 319 1294 1277
364 1249 421 1288 ΡΙ.
444 1248 650 1288 Stilichoni
676 1261 712 1286 v.
734 1249 782 1287 c.¹
811 1246 817 1300 Ι
844 1247 872 1286 F
876 1247 900 1286 l.
923 1247 1126 1287 stilichoni
1158 1247 1436 1287 inlustrissimo
1465 1248 1548 1288 viro
1575 1245 1581 1303 Ι
1608 1249 1794 1301 magistro

93 1321 270 1370 equitum
301 1317 577 1369 peditumque,
615 1314 621 1369 Ι
657 1315 789 1355 comiti
820 1315 1145 1362 domesticorum,
1176 1315 1338 1354 tribuno
1368 1315 1618 1367 praetoriano
1643 1315 1651 1370 Ι
1678 1323 1718 1356 et
1747 1317 1795 1357 ab

93 1387 257 1426 ineunte
289 1391 412 1424 aetate
444 1397 514 1436 per
543 1384 687 1435 gradus
718 1381 966 1437 clarislsimae
996 1383 1154 1422 militiae
1192 1384 1237 1422 ad
1270 1383 1453 1423 columen
1484 1383 1632 1434 gloriae
1658 1384 1664 1434 Ι
1691 1396 1794 1424 sem-

92 1454 271 1506 piternae
301 1459 339 1492 et
360 1452 489 1504 regiae
510 1452 719 1491 adfinitatis
744 1457 890 1497 evecto,
911 1447 1183 1504 {progenero2
1204 1451 1279 1490 divi
1300 1450 1508 1499 Theodosi,
1529 1451 1664 1491 comiti
1685 1451 1762 1492 divi
1786 1451 1793 1508 Ι

92 1522 285 1561 Theodosi
317 1520 481 1572 Augusti
520 1520 559 1559 in
601 1519 784 1559 omnihus
825 1518 936 1558 bellis
970 1518 976 1570 Ι
1002 1519 1128 1570 adque
1158 1518 1331 1558 victoriis
1361 1525 1399 1558 et
1429 1518 1476 1558 ab
1508 1531 1556 1559 eo
1585 1520 1625 1559 in
1657 1515 1796 1560 adfihi-

91 1596 210 1629 tatem
245 1588 251 1642 Ι
284 1588 429 1640 regiam
471 1594 653 1639 cooptato
693 1587 867 1638 itemque
901 1586 1064 1626 socer0³
1094 1587 1130 1626 d.
1161 1599 1200 1625 n.
1229 1586 1236 1640 Ι
1263 1586 1412 1626 Honori
1441 1587 1626 1639 Augusti,
1664 1588 1794 1629 Africa

94 1656 267 1696 consiliis
298 1656 381 1696 eius
408 1653 413 1709 Ι
441 1662 479 1695 et
507 1655 731 1707 provisione
761 1654 959 1702 liberata⁴‚
990 1667 1038 1693 ex
1066 1667 1098 1694 s.
1129 1667 1162 1694 c.

205 1722 336 1756 Romae
359 1733 432 1764 rep.
458 1723 497 1754 in
520 1721 603 1761 foro
628 1732 658 1754 a.
677 1721 776 1761 4539,
802 1722 894 1753 basis
917 1730 1051 1763 magna
1071 1730 1273 1753 marmorea
1291 1720 1460 1761 (V1473o
1477 1721 1569 1754 vidit
1582 1721 1794 1764 Bor-mamm

92 1798 137 1805 —-
165 1783 193 1821 l)
219 1780 314 1811 Haec
337 1781 472 1821 scripta
496 1780 535 1811 in
559 1779 724 1820 margine
748 1779 842 1810 basis
864 1779 937 1810 iam
960 1787 1033 1810 non
1057 1780 1193 1811 eoetant.
1209 1795 1252 1802 —-
1270 1778 1303 1819 2)
1323 1776 1422 1812 Umor
1437 1777 1646 1812 Stilichonis
1660 1779 1792 1813 Ser-ona

91 1836 168 1876 filia
202 1835 277 1876 fuit
305 1834 437 1875 fratris
472 1835 669 1868 Theodosii.
699 1853 744 1859 —-
775 1836 807 1875 3)
835 1833 888 1873 Cf.
919 1844 1030 1876 supra
1060 1833 1105 1867 N.
1128 1835 1204 1867 800.
1233 1853 1278 1859 -
1309 1836 1344 1874 4)
1375 1834 1615 1876 significatur
1643 1836 1795 1870 vicem-m

93 1893 136 1926 de
162 1893 309 1926 Gildone
336 1895 523 1934 reportata
549 1903 581 1925 a.
614 1893 692 1925 598.
747 1890 886 1923 Titulus
902 1893 1045 1933 positus
1069 1901 1141 1922 esse
1165 1890 1306 1923 videtur
1332 1901 1404 1923 non
1435 1891 1547 1924 multo
1574 1894 1672 1934 post,
1703 1894 1797 1925 certo

94 1953 177 1982 ante
202 1960 335 1981 antium
360 1951 433 1991 400,
459 1960 527 1991 quo
553 1948 705 1982 Stilicho
727 1950 885 1991 primum
909 1947 1033 1980 consul
1053 1947 1201 1990 prodiit.

207 2005 321 2052 1278
366 2004 416 2063 [F
417 2008 439 2046 l.
458 2007 661 2047 Stilichoni
680 2003 968 2061 inlustrissimo]
996 2005 1002 2059 Ι
1028 2006 1125 2053 viro,
1147 2005 1207 2045 bis
1227 2006 1379 2045 consuli
1399 2005 1631 2053 ordinario¹‚
1644 2006 1656 2061 Ι
1674 2007 1795 2059 magi-

92 2082 173 2116 stro
204 2076 410 2126 utriusque
441 2075 611 2121 militiae,
640 2077 644 2123 Ι
672 2074 805 2114 comiti
835 2073 1138 2114 domesticorum
1166 2074 1172 2124 Ι
1199 2080 1237 2112 et
1265 2073 1404 2112 stabuli
1436 2074 1535 2114 sacri
1563 2073 1689 2126 adque
1715 2072 1723 2128 Ι
1747 2075 1794 2114 ab

93 2143 257 2183 ineunte
297 2149 421 2182 aetate
459 2155 531 2195 per
558 2144 562 2194 Ι
589 2143 733 2194 gradus
772 2142 1005 2181 clarissimae
1031 2140 1038 2195 Ι
1065 2141 1221 2181 militiae
1252 2141 1297 2180 ad
1329 2141 1509 2181 columen
1541 2141 1670 2194 regiae
1696 2140 1703 2195 Ι
1728 2143 1795 2182 ad-

92 2211 254 2251 finitatis
291 2217 446 2258 evecto,
485 2211 592 2250 socio
627 2210 632 2263 Ι
668 2210 860 2249 bellorum
901 2209 1076 2249 omnium
1111 2208 1117 2260 Ι
1152 2216 1191 2248 et
1220 2209 1469 2249 victoriarum
1500 2210 1620 2249 adfini
1645 2207 1652 2264 Ι
1678 2210 1794 2250 etiam

97 2278 172 2318 divi
204 2278 398 2318 Theodosi
429 2279 593 2330 Augusti
621 2277 627 2331 Ι
653 2278 825 2329 itemque
863 2289 1001 2317 socero
1027 2275 1034 2330 Ι
1060 2277 1194 2316 domni
1233 2277 1358 2316 nostri
1391 2276 1542 2317 Honori
1573 2277 1750 2330 Augusti,
1787 2276 1795 2332 Ι

93 2346 263 2398 populus
283 2346 485 2386 Romanus
511 2346 516 2397 Ι
543 2358 616 2397 pro
642 2346 830 2398 singulari
851 2346 934 2385 eius
960 2342 966 2397 Ι
993 2345 1095 2384 circa
1116 2356 1158 2384 se
1180 2356 1313 2384 amore
1339 2344 1345 2399 Ι
1371 2346 1498 2397 adque
1518 2344 1759 2397 providentia
1784 2343 1788 2398 Ι

93 2420 258 2453 statuam
280 2426 326 2452 ex
347 2426 435 2453 aere
457 2419 701 2465 argentoque
728 2412 733 2466 Ι
760 2413 799 2452 ἰη
822 2413 960 2453 rostris
980 2413 1026 2452 ad
1049 2412 1277 2451 memoriam
1302 2410 1307 2466 Ι
1335 2412 1482 2463 gloriae
1501 2412 1762 2464 sempiternae
1785 2411 1790 2464 Ι

94 2481 378 2521 conlocandam
417 2481 607 2527 decrevit,
635 2480 642 2534 Ι
669 2487 889 2532 exequente
920 2479 976 2519 Fl.
1008 2480 1151 2520 Pisidio
1182 2480 1348 2520 Romulo
1375 2478 1381 2534 Ι
1406 2492 1442 2519 v.
1473 2492 1507 2519 c.
1537 2481 1658 2532 praef.
1690 2480 1795 2520 urb.²

206 2546 336 2580 Romae
360 2548 436 2579 basi
459 2557 590 2588 magna
614 2557 826 2588 mar-morea,
850 2557 922 2580 una
949 2557 1029 2580 cum
1043 2547 1278 2590 praecedente
1293 2549 1334 2579 ut
1348 2533 1490 2579 videtin·
1504 2555 1577 2588 rep.
1596 2545 1651 2585 (V
1646 2546 1664 2579 1
1678 2545 1793 2588 4734).

94 2623 138 2629 -
164 2605 196 2645 1)
222 2603 354 2637 Consul
371 2604 530 2646 primum
548 2603 688 2645 prodiit
713 2604 865 2636 Stilicho
891 2615 921 2637 a.
938 2606 1011 2644 400,
1036 2605 1164 2636 iterum
1189 2614 1223 2636 a.
1238 2604 1312 2636 405.
1333 2622 1374 2626 —
1400 2603 1435 2644 2)
1459 2600 1512 2641 Cf.
1535 2611 1646 2644 supra
1669 2601 1715 2636 N.
1729 2601 1794 2636 799

93 2664 165 2694 not.
183 2661 218 2694 2.

209 2727 321 2773 1279
364 2729 418 2768 Cl.
442 2728 650 2768 Postumus
682 2728 884 2768 Dardanus
914 2742 947 2768 v.
979 2730 1047 2769 inl.
1080 2736 1119 2769 et
1147 2726 1342 2784 paltriciae
1371 2727 1582 2779 dignitatis,
1618 2739 1666 2766 ex
1695 2739 1791 2766 con·

94 2797 214 2837 sulari
235 2795 472 2850 prolvinciae
494 2796 739 2842 Viennensis,
772 2808 818 2834 ex
839 2797 1024 2847 magistro
1049 2794 1196 2851 scrilnii
1216 2795 1313 2842 lih.¹‚
1343 2808 1391 2836 ex
1412 2800 1572 2846 quaest„
1603 2806 1649 2834 ex
1669 2795 1791 2846 praef.

94 2871 195 2916 pret.
232 2864 355 2912 Ga11.²,
395 2871 434 2904 et
463 2864 469 2913 Ι
496 2863 613 2903 Nevia
643 2862 751 2902 Galla
790 2863 884 2902 clar.
926 2871 963 2902 et
1002 2865 1070 2903 inl.
1111 2865 1222 2912 fem.,
1260 2869 1384 2903 mater
1412 2863 1501 2902 fam.
1529 2860 1535 2913 Ι
1561 2862 1666 2910 eius,
1701 2861 1791 2902 loco

95 2931 158 2971 cui
181 2944 326 2971 nomen
349 2931 562 2984 Theopoli³
583 2937 653 2978 est,
681 2929 687 2983 Ι
713 2930 861 2969 viarum
894 2943 1006 2970 usum
1038 2932 1160 2971 caesis
1187 2932 1385 2983 utrimque
1405 2927 1610 2984 monltium
1638 2929 1791 2969 laterib.

94 2999 394 3051 praestiterunt,
435 3011 570 3039 muros
595 2997 601 3051 Ι
628 3003 667 3037 et
695 3003 828 3049 portas
857 2997 1064 3046 dederunt,
1096 2998 1200 3049 quod
1230 2999 1270 3038 in
1301 3010 1394 3050 agro
1420 2998 1427 3047 Ι
1452 2997 1614 3049 proprio
1643 2997 1791 3037 consti·
