1968 3268
188 295 192 298 Ι
262 252 306 285 In
328 251 523 285 Britannia
547 253 726 294 repertum
750 252 851 283 trans
874 249 1008 283 vallum
1032 249 1210 282 Hadriani
1241 250 1317 283 loco
1342 249 1436 283 dicto
1459 248 1642 295 Numer-by
1671 249 1764 294 (711
1778 253 1845 288 2⁶5

152 309 264 342 deser.
287 308 431 350 Bruce).
454 326 499 331 —
533 307 564 350 1)
587 308 630 341 A.
654 306 726 340 222
759 306 903 347 (omisso
927 307 1070 339 nomine
1092 305 1303 350 Elagabali,
1333 315 1413 339 eum
1444 316 1513 350 quo
1536 306 1745 341 Alexander
1765 317 1848 343 σοπ-

146 366 304 399 sulatum
331 363 490 403 inierat).

259 455 373 502 2620
416 456 509 508 imp.
550 454 656 495 Caes.
695 453 747 493 M.
786 454 877 493 Ant.
916 453 1148 507 Gordialnus
1189 454 1232 494 P.
1272 453 1315 501 F.
1344 454 1444 507 Aug.
1483 454 1668 495 balneum
1704 467 1794 496 cum
1836 455 1842 510 Ι

151 525 312 565 basilica
342 537 363 564 a
394 523 478 564 solo
508 521 694 562 instruxit
718 518 726 576 Ι
751 533 824 574 per
844 521 944 574 Egn.
966 521 1212 562 Lucilianum
1232 522 1307 575 leg.
1329 522 1426 576 Aug.
1451 521 1460 578 Ι
1485 534 1547 576 pr.
1577 535 1652 576 pr„
1681 528 1845 563 curante

147 592 197 632 M.
228 593 322 632 Aur.
349 589 355 645 Ι
382 590 549 638 Quirino
578 589 677 642 pref.
710 591 793 636 (sic)
824 589 912 629 coh.
943 588 959 628 I
990 589 1034 630 L.
1066 590 1173 630 Gor.¹

258 657 370 704 2621
417 659 511 710 imp.
544 657 682 697 Caesar
716 656 767 696 M.
798 656 995 697 Antonius
1029 656 1035 710 Ι
1071 657 1293 698 Gordianus
1328 657 1372 700 P.
1403 657 1447 698 F.
1477 659 1575 712 Aug.
1610 657 1618 712 Ι
1650 658 1844 712 principia

147 734 185 768 et
215 723 526 781 armamenltaria
556 724 741 777 conlapsa
770 722 954 778 restitulit
981 737 1054 778 per
1074 724 1294 765 Maecilium
1320 725 1492 766 Fuscum
1520 726 1593 779 leg.
1620 724 1628 780 Ι
1655 727 1753 779 Aug.
1782 737 1843 779 pr.

148 807 224 848 pr.‚
255 800 420 834 curante
450 793 500 833 M.
531 793 625 832 Aur.
654 790 660 846 Ι
686 791 853 839 Quirino
884 804 944 844 pr.
975 793 1062 832 coh.
1095 793 1112 832 I
1141 793 1186 833 L.
1217 793 1323 833 Gor.¹

257 862 299 894 In
315 861 509 894 Britannia
525 870 598 892 non
615 859 720 902 longe
735 870 757 892 a
774 859 868 892 vallo
884 859 1073 902 Hadriani,
1090 859 1167 893 loco
1183 860 1277 893 dieto
1293 859 1508 894 Lanchester
1524 861 1650 904 (prope
1664 860 1843 901 Dur-leam)

143 928 217 961 rep.
257 917 346 960 (VII
370 918 444 950 445.
475 917 537 950 446
572 915 665 948 vidit
696 915 886 952 Huebner).
914 933 962 940 —
994 917 1026 958 1)
1055 914 1240 956 Praefecto
1277 917 1434 951 cohortis
1465 919 1606 961 primae
1639 915 1844 960 Lingonum

147 973 361 1007 Gor-dianae.

256 1053 371 1100 2622
414 1054 457 1094 P.
468 1054 550 1093 Ael.
567 1052 816 1093 Antonianus
833 1048 953 1107 [trib]
967 1053 977 1073 ¹
997 1051 1002 1106 Ι
1022 1053 1108 1092 coh.
1125 1052 1179 1092 111
1196 1052 1308 1093 Coll.²
1326 1052 1343 1098 ,Ι
1362 1051 1381 1095 ,l
1397 1051 1415 1096 ,Ι
1430 1051 1447 1097 ,Ι
1463 1052 1479 1097 ,Ι
1498 1053 1507 1098 Ι
1533 1053 1545 1097 ,Ι
1567 1052 1581 1098 ,Ι
1601 1051 1617 1098 ,l
1634 1052 1639 1109 Ι
1662 1052 1677 1096 ,Ι
1696 1052 1709 1097 ‚1
1731 1056 1743 1097 ,Ι
1764 1052 1778 1098 Ι
1798 1052 1810 1096 Ι
1827 1055 1843 1077 ⁸

145 1129 299 1176 portam
329 1122 564 1175 praetoriam
589 1120 596 1175 Ι
622 1133 712 1161 cum
743 1126 852 1159 turre
883 1131 904 1158 a
924 1120 1183 1161 fundamento
1209 1119 1216 1174 Ι
1242 1122 1463 1175 sumptibus
1483 1124 1564 1164 suis
1585 1130 1624 1163 et
1646 1121 1842 1177 instanltia

126 1190 354 1239 ‘fabficavia
385 1190 513 1230 Tusco
546 1195 584 1229 et
613 1188 731 1228 Basso
762 1187 859 1227 cos.⁴

256 1257 298 1289 In
322 1258 400 1289 vico
423 1256 621 1298 Bulgariae
645 1253 830 1287 Kutlovica
861 1253 937 1296 (III
956 1253 991 1287 S.
1016 1254 1101 1288 7450
1125 1255 1217 1288 vidit
1238 1255 1531 1298 Domaszewski).
1559 1275 1606 1282 -
1638 1258 1670 1298 1)
1694 1256 1841 1301 Supple-

142 1314 195 1345 vit
215 1312 490 1346 Domaszewski.
507 1329 547 1336 —-
575 1312 608 1354 2)
627 1310 758 1344 Cohors
780 1311 867 1343 haec
890 1312 996 1343 tertia
1022 1311 1108 1345 Coll.
1131 1313 1268 1354 ignota.
1284 1330 1330 1338 —
1353 1313 1388 1354 3)
1411 1312 1529 1346 Eram
1551 1313 1714 1347 videntur
1736 1324 1840 1348 voea-

142 1369 226 1402 bula
249 1368 450 1403 Valerianae
473 1368 657 1403 Gallienae.
673 1387 718 1392 —
742 1368 775 1409 4)
798 1366 841 1400 A.
865 1366 945 1400 258.

151 138 233 178 520
323 101 326 104 Α
893 136 1013 183 Caput
1034 136 1097 172 lx.
1503 189 1506 193 ἦ
1685 148 1688 150 ’
1924 0 1968 187 ἓ

1957 190 1968 298 Ξ

1957 318 1968 366 ἓ

253 1502 367 1549 2623
411 1505 440 1544 I.
463 1517 499 1544 o.
516 1516 567 1543 m.
590 1500 835 1559 ve[aei]{llatio
858 1501 1059 1557 Retolrum
1073 1503 1234 1551 Gaesa.¹‚
1257 1501 1263 1559 Ι
1287 1516 1325 1556 q.
1347 1517 1382 1544 c.
1401 1504 1544 1546 a.²1ul.
1567 1502 1574 1560 Ι
1597 1504 1728 1546 Sever.
1747 1506 1839 1548 trib.

255 1571 438 1614 Jedburglz
455 1569 782 1614 (Roaeburgmhire)
807 1571 846 1602 in
863 1568 984 1602 Scotia
999 1570 1231 1603 meridionali
1245 1580 1317 1613 rep.
1344 1569 1449 1615 (Epk.
1473 1582 1527 1615 ep.
1548 1571 1580 1613 7,
1602 1571 1690 1606 4092
1711 1573 1842 1606 Hauer—

141 1626 228 1667 field
249 1628 342 1660 vidit
365 1630 556 1671 ectypum).
583 1645 625 1650 —
653 1628 683 1669 1)
706 1625 900 1659 Raetorum
918 1629 1150 1668 gaesatorum
1180 1628 1219 1658 in
1242 1626 1438 1659 Britannia
1464 1630 1652 1670 praeterea
1677 1631 1841 1664 meminit

141 1683 269 1716 titulus
287 1683 321 1717 C.
340 1684 372 1717 V
373 1683 409 1717 II
425 1684 510 1717 4002
519 1695 533 1724 ,·
550 1686 703 1716 ceterum
721 1682 767 1723 cl:
786 1683 828 1715 de
844 1684 894 1715 eis
909 1682 980 1716 Mo.
1001 1683 1113 1715 Herm.
1126 1682 1173 1715 22
1187 1692 1224 1725 p.
1235 1683 1311 1716 549.
1324 1702 1365 1707 -
1384 1684 1418 1725 2)
1435 1683 1595 1725 Quorum
1610 1695 1735 1726 earam
1750 1689 1838 1730 agit.

249 1771 367 1819 2624
410 1775 599 1827 Nymphis
629 1787 668 1814 n.
696 1773 701 1828 Ι
729 1774 896 1814 Britton.
925 1773 931 1828 Ι
957 1773 1191 1825 Triputien.¹
1218 1772 1226 1826 Ι
1252 1772 1325 1814 sub
1353 1785 1447 1814 cura
1472 1772 1480 1828 Ι
1506 1775 1556 1815 Μ.
1577 1774 1667 1829 Ulpi
1686 1751 1838 1831 Malclhi

139 1850 161 1875 ⁷
195 1841 269 1892 leg.
299 1840 406 1880 XXII
436 1843 500 1882 Pr.
530 1855 569 1895 p.
603 1842 627 1882 f.

253 1908 362 1951 Apud
389 1910 664 1942 Amor-bachium
695 1910 734 1940 in
761 1907 908 1940 Othonis
931 1908 1039 1950 silva,
1068 1910 1091 1943 i.
1118 1918 1146 1940 e.
1176 1907 1378 1941 Amor-bach
1405 1910 1455 1942 im
1481 1908 1670 1943 Odennoald
1698 1909 1838 1954 (Bram-

139 1965 226 1997 bach
242 1964 325 1997 4745
343 1976 388 1997 eoe
403 1965 575 2008 Apiano).
591 1984 635 1989 —
657 1965 685 2006 l)
701 1963 879 2003 Numerus
895 1964 1100 1998 Brittonum
1119 1963 1409 2007 Triputiensium.
1448 1965 1504 1998 Ab
1519 1965 1648 1999 eisdem
1664 1965 1838 2000 Brittoni-

137 2021 200 2053 bus
228 2019 511 2063 Triputiensibus
535 2021 601 2054 alii
623 2020 723 2053 tituli
742 2022 852 2062 positi
874 2023 958 2052 sunt
980 2022 1019 2054 in
1044 2021 1164 2054 eadem
1182 2024 1290 2063 parte
1313 2021 1438 2054 limitis
1463 2020 1682 2065 Germanici,
1712 2033 1759 2056 σω
1781 2024 1837 2056 Itis

135 2087 239 2117 unus,
263 2078 327 2119 qui
349 2087 464 2120 nuper
482 2078 623 2121 prodiit
637 2077 855 2118 Hesselbaclz‚
878 2078 1090 2119 imperatori
1106 2077 1288 2110 Antonino
1306 2077 1370 2111 Pio
1394 2088 1425 2111 a.
1443 2077 1504 2111 446
1510 2089 1525 2119 ,·
1547 2076 1594 2118 cs:
1619 2079 1834 2113 Humum

136 2131 310 2167 Korn-BL
334 2133 367 2167 d.
398 2133 527 2167 Westd.
552 2133 723 2167 Zeitselzr.
744 2133 830 2166 4889
851 2143 886 2176 p.
902 2133 974 2166 464.
1015 2133 1152 2167 Nomen
1180 2133 1458 2177 Triputiensium
1481 2134 1648 2168 videntur
1670 2135 1834 2169 habuisse

137 2199 158 2221 a
183 2184 258 2222 loco
283 2189 404 2231 aliquo
428 2191 468 2222 in
491 2190 603 2222 limite
625 2191 705 2232 sito,
728 2191 791 2222 ubi
813 2190 1047 2230 tetenderunt,
1074 2188 1121 2229 ef.
1146 2189 1338 2222 Mommsen
1361 2189 1479 2224 Herm.
1496 2190 1540 2224 49
1558 2200 1596 2234 p.
1611 2190 1684 2225 225
1706 2194 1780 2226 not.
1795 2192 1832 2234 2,

134 2244 400 2278 Domaszewslcz'
423 2245 594 2280 Korr.-Bl.
619 2246 650 2279 d.
678 2246 811 2280 Westd.
835 2246 1006 2279 Zeitselzr.
1030 2245 1116 2279 4889
1136 2256 1173 2288 p.
1196 2246 1250 2287 49,
1273 2246 1358 2278 item
1381 2245 1484 2285 infra
1508 2246 1557 2279 ad
1577 2245 1623 2280 N.
1648 2246 1745 2283 2765.

248 2334 360 2381 2625
404 2337 600 2377 Mercurio
622 2338 720 2389 Aug.
751 2349 828 2377 sac.
855 2340 861 2391 Ι
887 2350 959 2389 pro
990 2338 1114 2377 salute
1143 2337 1236 2389 imp.
1269 2336 1443 2377 Caesaris
1472 2336 1523 2377 M.
1545 2336 1690 2392 Aurelii
1709 2340 1833 2378 Anto-

137 2404 222 2443 nini
261 2405 359 2455 Aug.
398 2404 473 2453 Pii,
520 2405 570 2444 M.
610 2404 764 2445 Annius
807 2404 814 2458 Ι
858 2405 998 2445 Valens
1038 2415 1059 2444 γ
1093 2405 1168 2458 leg.
1206 2405 1282 2444 ΙΙΙ1
1321 2405 1434 2457 Aug„
1471 2405 1718 2458 praepositus
1749 2403 1757 2458 Ι
1792 2416 1831 2445 n.

112 2468 525 2526 ›Pa1m[yre]norum2,
556 2485 629 2524 pro
660 2472 784 2512 salute
811 2471 817 2526 Ι
843 2485 913 2513 sua
943 2479 983 2512 et
1012 2484 1173 2513 suorum
1202 2485 1237 2512 V.
1268 2485 1299 2512 s.
1330 2472 1355 2511 l.
1386 2484 1421 2512 a.

248 2537 290 2569 In
314 2536 486 2571 Numidia
509 2549 603 2581 rep.,
636 2538 710 2572 loco
736 2539 829 2572 dicto
854 2537 1094 2581 ‹el-Kamara,
1126 2541 1176 2571 est
1198 2538 1350 2571 Biskrae
1382 2538 1492 2581 (VIII
1507 2538 1597 2573 2486
1627 2537 1674 2591 cf.
1692 2548 1730 2581 p.
1752 2538 1834 2581 955,

135 2592 225 2635 Eph.
250 2603 302 2634 ep.
326 2594 359 2633 5,
383 2593 447 2626 705
470 2594 638 2627 viderunt
664 2594 864 2628 Wilmanns
888 2598 923 2627 et
947 2595 1136 2639 Schmidt).
1161 2613 1204 2619 —
1239 2596 1270 2636 1)
1300 2593 1496 2628 Numerum
1519 2603 1660 2627 erasum
1682 2605 1754 2627 esee
1776 2595 1832 2628 in·-

135 2648 233 2681 dicat
251 2648 461 2683 Wilmanns.
478 2668 522 2674 -
544 2651 576 2691 2)
593 2648 771 2683 Numerus
786 2651 1079 2695 Palmyrenorum
1104 2653 1211 2684 etiam
1234 2650 1325 2683 alios
1348 2649 1472 2683 titulos
1493 2650 1641 2693 reliquit
1664 2652 1704 2683 in
1720 2650 1832 2683 limite
1863 2687 1877 2703 4

133 2703 335 2747 Numidiae,
360 2704 406 2744 cll
433 2705 467 2739 C.
494 2706 583 2740 VIII
598 2717 635 2748 p.
659 2706 753 2741 4077.

247 2794 361 2841 2626
403 2795 433 2835 I.
466 2810 502 2836 o.
533 2808 586 2835 m.
614 2796 620 2851 Ι
647 2802 686 2836 et
715 2796 801 2836 lun.
834 2809 928 2847 reg..
963 2795 970 2850 Ι
996 2797 1163 2837 Finitius
1193 2794 1346 2850 Fildelis
1374 2796 1455 2836 mil.
1481 2794 1488 2849 Ι
1524 2808 1564 2835 n.
1595 2792 1829 2848 Gaddalren—
1867 2839 1873 2844 ,

136 2861 259 2902 sium¹
286 2862 291 2917 Ι
319 2864 359 2902 in
391 2876 462 2903 suo
489 2862 494 2917 Ι
521 2863 637 2916 posit,
664 2862 671 2917 Ι
699 2863 823 2903 Fusco
855 2870 893 2903 et
918 2862 924 2917 Ι
953 2864 1096 2903 Dextro
1128 2863 1225 2903 cos.2

250 2927 366 2961 Kastel
384 2940 496 2972 prope
521 2929 790 2972 Moguntz'aeum
815 2928 1031 2972 (Brambaelz
1047 2930 1091 2963 45
1094 2929 1132 2962 47
1157 2930 1220 2972 qui
1235 2929 1327 2962 vidit
1342 2930 1535 2973 eetypum).
1551 2946 1594 2952 -
1613 2928 1646 2967 1)
1662 2923 1828 2972 GABBAl-

135 2981 327 3017 RENSIVM
354 2985 465 3028 lapis,·
495 2987 519 3018 Β
543 2987 647 3028 signo
671 2987 711 3018 in
735 2986 850 3019 titulis
875 2985 1087 3019 Germaniae
1111 2988 1145 3017 et
1168 2985 1306 3018 Galliae
1335 2995 1408 3017 non
1438 2994 1525 3017 raro
1554 2981 1783 3025 significatur
1804 2982 1827 3015 d

133 3040 286 3080 spirans.
334 3041 429 3073 Idem
452 3051 621 3074 numerus
644 3044 862 3075 memoratur
885 3043 923 3074 in
948 3042 1052 3075 titulo
1078 3040 1361 3083 Moguntiacemi
1382 3039 1580 3073 Brambaclt
1599 3037 1702 3080 4295,
1726 3048 1828 3080 quem
