1968 3268
118 87 201 127 342
370 120 372 122 .
867 88 987 134 Caput
1007 87 1071 124 VI.

232 201 345 249 1617
390 204 427 243 d.
466 216 518 243 m.
553 201 561 258 Ι
591 203 711 243 Felici
750 201 937 257 Caesalris
974 215 1048 243 ser.
1086 202 1201 242 vilico
1220 201 1241 257 ξΙ
1271 202 1423 254 hortor.
1454 201 1691 255 Maianor.¹l
1724 203 1819 244 Iulia

121 272 306 313 Melitene
332 269 339 326 Ι
365 271 524 323 coniugi
554 270 592 310 b.
621 282 674 309 m.

232 338 362 371 Romae
394 337 465 380 (VI
489 338 574 371 8669
603 337 745 379 saepius
786 336 965 379 descripta
993 334 1083 370 saec}
1114 335 1209 371 XVI.
1241 336 1370 380 XVII).
1398 355 1445 360 —
1485 337 1517 378 1)
1548 337 1654 370 Horti
1682 335 1822 370 Maiam·

118 397 363 428 memorantur
391 405 413 426 a
437 393 553 426 Plinio
578 393 611 425 h.
635 403 670 425 n.
693 393 752 435 55,
774 392 806 434 7,
828 393 884 426 54.
923 391 1020 426 Proc.
1053 392 1227 426 hortorum
1251 391 1463 428 Maianorum
1495 396 1530 427 et
1552 392 1740 428 Lamianor.
1770 396 1823 426 est

122 452 175 486 VJ
193 452 302 492 8668;
325 449 372 489 cf.
400 449 452 483 VJ
471 448 570 482 6152.

232 518 344 564 1618
387 519 446 558 dis
476 518 659 559 manibus
684 516 690 572 Ι
718 518 807 558 Lais
827 518 1018 558 Domitiae
1048 519 1147 570 Aug.v
1168 531 1291 568 serva,
1323 520 1414 559 fecit
1439 517 1447 573 Ι
1472 519 1689 560 Fortunato
1719 519 1821 573 disp.

120 590 329 629 hortorum
368 584 687 639 Attilcianorum‚
728 592 767 626 et
805 585 880 626 sibi
917 586 1166 639 posterisque
1203 599 1387 637 suorum,
1424 587 1523 627 itum
1561 593 1692 628 actum
1729 587 1822 628 adit.

118 656 321 697 ambitum.

122 762 127 769 ς
233 722 363 756 Romae
387 720 460 764 (VI
478 721 562 755 8667
587 721 698 754 deser.
720 720 916 764 For-cella).
947 739 991 745 —
1025 723 1057 762 1)
1081 720 1219 754 Nomen
1249 725 1440 755 &aa-erunt
1471 722 1510 754 hi
1538 723 1637 756 horti
1668 720 1824 763 fortasse

48 816 50 818 ,
124 781 168 812 ab
194 780 326 822 Attico,
350 781 413 821 qui
435 778 643 812 Domitiano
665 777 742 817 suit
763 788 785 810 a
808 779 1011 811 rationibus
1034 778 1103 818 (VI
1124 778 1237 822 8440).

232 846 345 893 1619
389 848 507 887 Dama
538 848 688 888 Caseris
718 854 801 898 (sie)
829 847 835 899 Ι
862 860 910 887 ex
938 848 1063 888 hortis
1093 848 1248 888 Salusti.
1277 847 1284 901 Ι
1308 848 1356 888 ab
1387 848 1505 888 hortu
1534 860 1625 889 nov,

234 916 348 949 Senae
382 914 556 957 Gallicae,
586 925 655 958 quo
689 914 831 947 adlatus
862 917 915 947 est
946 915 1038 957 lapis
1065 916 1142 947 sine
1173 915 1281 948 dubio
1313 926 1358 948 esc
1387 916 1474 948 urbe
1505 914 1617 948 Roma
1647 914 1719 959 (VJ
1737 914 1822 949 8670

119 973 210 1006 vidit
233 971 404 1015 Henzen).

233 1038 347 1084 1620
392 1041 452 1080 dis
472 1039 655 1079 manibus
676 1051 753 1080 sac.
781 1038 788 1092 Ι
815 1039 993 1079 Calamus
1019 1037 1026 1094 Ι
1052 1040 1110 1079 Ti.
1134 1040 1280 1079 Claudii
1309 1040 1482 1080 Caesaris
1507 1038 1514 1094 Ι
1540 1039 1707 1091 Augusti
1727 1039 1825 1080 Ger-

120 1109 266 1149 manici
291 1108 297 1163 Ι
325 1107 618 1160 Pamphilianus
642 1105 648 1160 Ι
675 1107 813 1146 vssicus
841 1120 887 1146 ex
917 1108 1071 1147 horreis
1096 1106 1102 1162 Ι
1130 1107 1316 1147 Lollianis
1342 1107 1348 1158 Ι
1375 1120 1422 1146 ex
1451 1107 1488 1146 d.
1519 1107 1557 1147 d.
1588 1107 1625 1146 d.
1655 1120 1685 1147 s.
1717 1107 1754 1147 d.
1785 1107 1822 1146 d.

232 1175 364 1208 Romae
388 1176 428 1207 in
453 1174 672 1207 columbario
696 1173 822 1206 Liviae
844 1184 917 1216 rep.
950 1174 1022 1217 (VJ
1039 1174 1131 1207 4226
1162 1174 1254 1206 vidit
1277 1174 1446 1217 Henzen).
1469 1192 1515 1198 —
1542 1175 1572 1216 1)
1596 1173 1655 1207 Ad
1677 1173 1824 1206 eundem

119 1232 303 1266 Calamam
319 1234 453 1274 spectat
471 1230 598 1263 titulus
612 1230 646 1263 C.
665 1230 698 1263 V
698 1231 716 1262 I
730 1230 821 1263 4226
831 1234 861 1263 ⁰.
895 1231 1032 1263 Horrea
1046 1229 1214 1263 Lolliana
1225 1232 1470 1262 memorantur
1482 1231 1588 1263 etiam
1605 1229 1641 1263 0.
1659 1229 1713 1263 VI
1723 1230 1825 1264 4239.

232 1310 345 1357 1621
391 1312 525 1351 Bonae
560 1311 662 1350 Deae
688 1308 695 1364 Ι
722 1310 908 1351 Galhillae
943 1309 949 1365 Ι
986 1310 1223 1362 Zmaragdus
1257 1310 1264 1363 Ι
1298 1309 1472 1350 Caesaris
1508 1309 1622 1361 Aug.¹
1649 1309 1655 1364 Ι
1689 1309 1824 1350 vilicus

118 1371 125 1427 Ι
161 1381 397 1420 horreorum
424 1377 431 1432 Ι
458 1378 762 1419 Galbianorum²
788 1378 794 1433 Ι
821 1379 908 1420 coh.
938 1378 1082 1417 trium³
1111 1377 1148 1416 d.
1179 1377 1215 1416 d.
1243 1376 1250 1429 Ι
1276 1389 1366 1417 cum
1396 1377 1516 1418 Fenia
1546 1377 1745 1418 Onesime.

234 1446 368 1479 Romae
382 1447 446 1478 sub
465 1446 640 1478 Aventino
667 1445 774 1488 (Eph.
800 1455 853 1488 ep.
877 1446 908 1487 4,
932 1445 1027 1479 725⁰
1059 1444 1151 1476 vidit
1167 1443 1388 1487 Stevenson).
1404 1462 1449 1472 —-
1475 1445 1507 1485 1)
1530 1442 1648 1477 Nudi:
1664 1442 1827 1478 Caesaris

117 1504 277 1546 Augusti
292 1503 486 1544 vocabulis,
509 1505 551 1535 ut
566 1501 749 1535 interdum
769 1501 939 1535 Claudius
954 1504 988 1533 et
1002 1499 1099 1535 Nero
1117 1499 1181 1540 (εἴ,
1198 1499 1244 1535 Ν.
1261 1500 1355 1534 4786.
1372 1499 1492 1543 4838),
1508 1501 1562 1533 ita
1578 1501 1686 1533 etiam
1703 1498 1827 1542 Galba,

116 1563 213 1593 certe
235 1562 275 1592 in
301 1559 406 1592 titulo
431 1560 538 1592 huius
557 1559 712 1601 generis,
738 1558 922 1600 designari
939 1559 1071 1601 potuit.
1089 1576 1130 1581 --
1158 1558 1192 1599 2)
1216 1556 1354 1590 Horrea
1380 1556 1567 1597 Galbiana,
1589 1567 1663 1590 non
1685 1555 1826 1590 diversa

118 1619 161 1650 ab
187 1618 327 1650 horreis
349 1615 521 1659 Sulpiciis
544 1616 750 1648 memoratis
773 1615 816 1647 ab
844 1615 993 1647 Horatio
1018 1624 1126 1648 carm.
1149 1615 1181 1657 4,
1204 1613 1260 1655 42,
1282 1613 1336 1656 48,
1358 1615 1534 1646 memorat
1555 1613 1755 1657 Por-phyrio
1779 1612 1828 1646 ad

117 1674 264 1706 Horatii
287 1673 310 1706 l.
338 1683 379 1715 c.‚
404 1673 700 1714 chronographus
724 1672 813 1703 anni
835 1671 904 1705 534
927 1672 978 1714 (p.
1001 1670 1064 1704 446
1087 1680 1143 1712 ap.
1169 1669 1327 1704 Momms.
1354 1669 1482 1703 Chron.
1505 1671 1590 1702 min.
1615 1669 1661 1713 1),
1685 1668 1826 1703 Notiua

117 1732 237 1772 urbis,
262 1731 348 1762 haec
374 1729 552 1762 collocans
575 1730 615 1761 in
638 1729 786 1770 regione
811 1727 947 1760 decima
973 1727 1078 1760 tertia
1110 1727 1328 1765 (curatorem
1351 1727 1562 1759 horreorum
1587 1720 1827 1759 Galbanorum

119 1789 277 1820 recenset
291 1785 435 1819 Nolitia
452 1785 550 1827 dig-n,
571 1785 647 1817 Oce.
666 1796 695 1819 c.
709 1784 757 1827 4).
790 1785 973 1817 Per-tinent
989 1783 1037 1816 ad
1052 1794 1092 1815 ea
1107 1783 1205 1815 tituli
1215 1793 1324 1825 supra
1336 1781 1382 1816 Ν.
1393 1783 1475 1825 259,
1490 1781 1591 1822 infra
1603 1780 1649 1815 N.
1660 1781 1827 1823 4622-4,

116 1846 199 1876 ilem
235 1843 269 1877 C.
297 1843 350 1876 VI
369 1843 455 1884 538,
488 1843 623 1885 reperti
647 1852 693 1874 ea:
712 1843 819 1883 parte
843 1851 882 1873 eo
908 1839 986 1873 loco
1008 1841 1073 1872 ubi
1095 1840 1225 1872 horrea
1247 1839 1314 1872 illa
1342 1838 1455 1878 fuisse
1478 1838 1643 1881 putanda
1664 1841 1758 1872 mut.
1779 1856 1827 1865 —-

118 1902 154 1942 3)
188 1900 356 1933 Cohortes
379 1898 584 1941 significari
613 1908 686 1930 non
709 1897 869 1929 urbanas
900 1899 990 1939 tres,
1022 1906 1113 1939 quae
1143 1896 1215 1928 illis
1244 1896 1459 1938 temporibus
1481 1894 1611 1928 Romae
1639 1896 1827 1928 stationem

118 1958 339 1995 habuerunt,
363 1958 405 1988 ut
425 1957 644 1997 putaverant
666 1956 750 1986 ante
776 1953 918 1985 titulum
940 1951 987 1985 N.
1010 1952 1099 1986 4622
1123 1955 1317 1994 repertum,
1347 1952 1411 1985 sed
1432 1952 1589 1984 cohortis
1617 1951 1828 1984 vocabulum
1864 1947 1867 1949 ’

120 2012 366 2056 accipiendum
390 2021 463 2044 esse
488 2011 531 2043 de
558 2010 634 2043 loco
668 2011 855 2053 consaepto
880 2007 945 2049 (cfi
966 2008 1100 2052 lemica)
1125 2011 1160 2040 et
1186 2009 1431 2052 statuendum,
1462 2009 1535 2041 tria
1561 2009 1665 2043 huius
1682 2009 1828 2051 generis

121 2069 202 2102 loca
226 2067 340 2108 fuisse
363 2069 462 2100 intra
486 2069 617 2100 horrea
643 2066 785 2109 Galbae,
809 2066 976 2109 exposuit
999 2064 1098 2098 Gattz·
1119 2064 1238 2100 Roem.
1262 2064 1380 2099 Mitth.
1402 2065 1487 2099 4886
1508 2075 1545 2108 p.
1566 2065 1612 2100 75
1622 2075 1693 2108 seq.

235 2145 349 2192 1622
393 2147 553 2187 Herculi
591 2148 731 2187 domus
769 2147 934 2198 Augusti
980 2158 1135 2186 sacrum
1175 2159 1222 2186 ex
1255 2147 1262 2197 Ι
1296 2146 1506 2186 collatione
1542 2144 1827 2185 horriariorum

120 2216 269 2256 chortis
298 2215 372 2263 11¹,
411 2215 568 2255 Maioris
593 2214 600 2270 Ι
628 2221 666 2254 et
695 2214 930 2254 Diadumeni
969 2213 1010 2254 C.
1044 2227 1082 2254 n.
1112 2226 1189 2254 ser.
1220 2220 1259 2253 et
1287 2214 1332 2254 T.
1363 2213 1468 2253 Flavi
1498 2212 1720 2259 Crescentis
1747 2216 1788 2252 et
1816 2209 1823 2265 Ι

121 2284 277 2336 operari
308 2282 541 2331 Galheses³;
572 2288 736 2322 curante
766 2282 949 2322 Hermete
981 2282 1022 2322 C.
1054 2281 1226 2322 Mundic.
1254 2279 1261 2336 Ι
1287 2281 1452 2334 Helpisti
1481 2293 1558 2321 ser.
1597 2280 1824 2321 Dedit-,atum

120 2353 158 2392 k.
195 2352 304 2392 lunis
329 2352 335 2406 Ι
362 2351 413 2391 Μ.
444 2351 558 2390 Iunio
589 2350 722 2390 Mettio
755 2350 858 2391 Rufo
888 2349 935 2396 Q.
966 2350 1186 2403 Pomponio
1216 2350 1394 2390 Materno
1425 2349 1521 2389 cos.⁴

236 2418 382 2460 Romae,
415 2419 533 2450 nescio
566 2427 634 2460 quo
668 2417 745 2450 loco
774 2418 875 2449 urbis
903 2427 976 2459 rep.
1011 2416 1170 2460 (Henzen
1201 2415 1317 2449 Boem.
1346 2415 1463 2449 Mitto.
1494 2414 1580 2447 4886
1609 2423 1645 2455 p.
1676 2411 1749 2455 42).
1779 2430 1826 2436 -

123 2477 155 2516 1)
182 2473 236 2514 Cf.
260 2473 305 2507 N.
331 2474 414 2507 4624
439 2476 512 2507 not.
537 2474 571 2506 3.
597 2492 641 2496 —
666 2474 699 2515 2)
723 2473 834 2506 Iidem
858 2473 978 2506 Maior
1010 2475 1043 2505 et
1065 2473 1311 2506 Diadumenus
1335 2472 1496 2506 Caesaris
1524 2470 1620 2503 servi
1642 2478 1723 2502 cum
1746 2467 1827 2502 Gre-

119 2534 236 2564 scente
258 2530 415 2572 Augusti
438 2529 563 2561 liberto
583 2533 785 2571 posuerunt
810 2531 955 2563 titulum
977 2529 1022 2563 N.
1039 2529 1139 2564 4625.
1157 2548 1200 2554 —
1219 2530 1252 2572 3)
1267 2528 1399 2561 Debuit
1419 2537 1492 2559 esse
1515 2536 1616 2559 casus
1637 2525 1825 2558 secundus.

121 2586 322 2628 Galbienses
346 2585 389 2619 de
413 2585 489 2619 coh.
506 2585 545 2618 111
569 2589 653 2618 sunt
677 2586 729 2620 VI
739 2586 812 2620 740.
829 2605 873 2610 -
889 2589 924 2628 4)
943 2586 1109 2620 Consules
1131 2586 1274 2627 suffecti
1293 2584 1480 2618 memorati
1502 2583 1609 2615 auam
1630 2582 1671 2615 in
1694 2580 1826 2623 tegulis

123 2643 334 2687 quibusdam
360 2641 414 2684 (0.
438 2641 511 2675 XV
526 2643 579 2675 69.
602 2642 680 2675 939.
704 2642 803 2685 4409)
815 2655 828 2682 ,·
851 2641 966 2682 fasces
985 2643 1134 2684 gessisse
1157 2652 1215 2674 eos
1238 2640 1454 2683 temporibus
1472 2637 1650 2672 Hadriani
1673 2635 1825 2676 fortasse

123 2711 170 2733 ex
195 2699 230 2733 G.
254 2698 329 2733 XV
343 2700 385 2732 69
409 2697 533 2740 colligi
553 2700 678 2740 potest.
967 2688 970 2690 v

237 2777 349 2823 1623
393 2778 549 2818 Silvano
579 2790 610 2818 s.
642 2778 688 2817 s.¹
710 2777 833 2816 Maior
862 2785 901 2818 et
922 2775 1198 2830 Diadulmenus
1227 2777 1335 2817 Caes.
1367 2789 1406 2816 n.
1437 2787 1514 2816 ser.
1541 2773 1549 2830 Ι
1575 2780 1613 2814 et
1633 2774 1823 2814 Crescens

122 2846 221 2898 Aug.
253 2845 297 2885 l.²
325 2846 361 2885 d.
391 2846 427 2886 d.
455 2844 462 2898 Ι
487 2846 573 2885 hor.
603 2845 651 2885 de
680 2845 720 2883 h.
751 2844 809 2883 C.³

236 2911 368 2945 Romae
392 2922 478 2954 rep.y
502 2922 598 2944 nunc
614 2911 758 2943 Pisauri
785 2911 856 2950 (VI
876 2911 973 2954 682).
998 2930 1040 2935 -
1077 2914 1109 2953 1)
1134 2911 1268 2945 Sancto
1290 2919 1444 2944 sacrum.
1464 2926 1512 2933 -—
1535 2909 1569 2950 2)
1594 2906 1646 2946 cr.
1670 2905 1716 2942 N.
1732 2907 1822 2941 4622

122 2971 197 3001 not.
223 2969 257 3001 2.
282 2988 327 2992 -
353 2970 387 3010 3)
412 2968 487 3002 Scr.
513 2968 545 3001 h.
571 2967 621 3009 G„
647 2970 682 3000 et
703 2967 886 3009 intellege:
910 2968 1109 3000 horreariis
1131 2967 1174 3001 de
1197 2968 1336 3000 horreis
1361 2965 1502 2999 Galbae.
