1968 3268
792 164 908 202 Tituli
930 164 1116 202 militares.
1718 162 1804 202 453

212 284 328 328 Prope
350 283 517 316 Parmam
540 291 614 325 rep.
638 279 706 325 (XI
727 280 815 314 4058
837 280 932 314 vidit
953 278 1166 324 Bormann).
1189 297 1236 304 -
1268 279 1302 321 l)
1323 279 1499 312 Pater-nae
1521 288 1734 321 cognomen,
1763 282 1807 313 ut

99 343 134 374 et
149 340 326 375 Veneriae
348 349 543 382 cognomen
558 349 669 381 supra
685 336 731 371 N.
746 336 849 379 2244,
871 338 911 369 in
935 335 1043 369 titulo
1067 336 1131 378 qui
1151 335 1296 368 videtur
1317 346 1392 368 esse
1414 338 1612 378 temporum
1635 335 1805 378 Augusti,

97 397 232 431 alludit
261 397 311 430 ad
334 396 520 430 Caesarem
551 395 772 428 dictatorem.
820 392 975 427 Videtur
1005 403 1078 425 esse
1108 393 1226 435 igitur
1256 393 1343 425 haee
1364 394 1444 436 ipsa
1479 393 1572 434 legio
1597 392 1804 426 duodecima

97 464 189 497 quae
212 452 288 494 fuit
308 454 350 486 in
365 453 528 486 exercitu
545 452 707 485 Caesaris
730 450 920 484 dictatoris
935 449 1049 485 (Caes.
1075 450 1106 484 b.
1126 448 1215 484 Gall.
1231 449 1268 491 2,
1293 450 1351 492 25,
1375 450 1406 483 b.
1422 451 1489 483 eiv-
1504 449 1537 490 4,
1560 449 1633 494 45).
1668 449 1805 483 Eadem

97 510 240 544 videtur
275 509 368 553 legio
396 508 467 543 XII
495 510 644 551 antiqua
678 509 875 540 memorata
911 507 951 539 in
979 507 1134 539 nummis
1167 505 1214 539 M.
1245 506 1400 539 Antonii
1435 504 1587 548 (Eokloel
1613 507 1635 540 6
1666 516 1702 550 p.
1730 506 1804 550 54).

100 566 155 607 Cf.
178 568 322 601 Henzen
346 566 431 600 bun.
456 565 536 599 dell’
559 565 645 598 Inst.
670 565 768 597 arch.
792 563 876 597 4867
894 573 932 605 p.
956 562 1029 596 479.

209 657 324 704 2243
368 659 420 702 Μ.
451 659 641 698 Billienus
670 657 722 696 M.
754 657 781 695 f.
809 654 815 709 Ι
842 656 955 695 Rom.
987 656 1168 696 Actiacas
1193 655 1200 709 Ι
1227 655 1385 709 legione
1413 655 1502 704 XF,
1538 651 1703 709 proellio
1734 667 1805 695 na-

96 728 171 768 vali
208 729 312 768 sacto
347 726 354 780 Ι
388 727 429 767 in
470 725 691 766 coloniam2
729 722 954 778 delductus‚
991 723 1041 763 ab
1079 721 1231 778 ordifine
1269 722 1430 762 decurio
1467 719 1676 778 allecfftus]
1708 753 1718 761 .
1751 752 1760 761 .
1794 752 1803 761 .

96 808 163 836 mo
192 795 315 836 Erue.
348 825 356 834 .
391 824 400 833 .
436 793 443 849 Ι
481 823 661 833 .....

213 863 328 905 Prope
359 862 482 894 Ateste
516 860 593 893 loeo
623 860 718 892 dioto
757 858 896 902 Pojana
931 858 1136 900 maggiore,
1170 860 1294 900 postea
1324 856 1483 891 Vicetiae
1514 857 1566 900 (V
1594 857 1684 892 2504
1712 857 1807 890 vidit

97 918 318 962 Mommsen).
334 937 380 943 —
398 919 430 959 1)
453 917 642 950 Praeterea
666 916 787 948 Ateste
809 916 952 957 reperta
976 915 1061 946 eunt
1083 914 1267 956 epitaphia
1291 914 1448 947 aliorum
1470 915 1627 948 militum
1650 913 1806 947 eiusdem

99 976 249 1018 legionis
273 976 431 1018 quinque
456 971 575 1016 (infra
600 971 645 1006 Ν.
669 973 775 1006 2556.
801 971 835 1005 C.
862 971 901 1005 V
915 971 1016 1004 2495.
1038 970 1142 1004 2542.
1164 970 1276 1013 2859,
1305 981 1390 1004 nam
1419 972 1478 1004 hie
1501 981 1659 1014 quoque,
1683 980 1806 1013 quam·

98 1042 205 1076 quam
220 1032 362 1065 Patavii
385 1030 593 1072 descriptus,
618 1029 739 1061 Ateste
764 1028 848 1061 olim
872 1028 1007 1060 stetisse
1030 1026 1184 1069 videtur,
1207 1026 1363 1070 denique
1376 1028 1408 1059 is
1423 1037 1526 1070 quem
1543 1027 1657 1060 edidit
1671 1027 1806 1060 Pietro—

93 1088 237 1132 grande
259 1088 395 1121 notizie
419 1086 516 1128 degli
537 1086 637 1118 soavi
658 1084 742 1118 4894
775 1095 811 1127 p.
834 1083 935 1126 247),
965 1093 1117 1126 quorum
1140 1083 1230 1123 duo,
1260 1085 1304 1115 ut
1330 1083 1389 1116 hie
1411 1083 1603 1126 Billienus,
1635 1083 1808 1116 dicuntur

96 1145 241 1178 Actiaci
265 1142 382 1187 (infra
399 1142 444 1177 Ν.
461 1143 575 1183 23:56,-
600 1141 635 1176 C.
656 1142 694 1175 V
702 1141 815 1182 28595
839 1141 966 1174 tertius
987 1140 1158 1172 Aeliae-us
1181 1142 1236 1172 est
1256 1141 1296 1172 in
1321 1139 1426 1173 titulo
1450 1141 1627 1183 descripto
1648 1141 1806 1183 primum

95 1203 136 1234 in
158 1202 278 1234 vicina
301 1200 494 1240 Ferraria,
519 1198 555 1232 V
573 1199 685 1239 2589,
709 1201 861 1241 quartus
887 1198 927 1230 in
953 1199 978 1231 t.
1002 1197 1224 1240 Aquileiensi
1248 1196 1282 1230 V
1302 1199 1396 1238 890).
1443 1197 1606 1240 Apparet
1627 1197 1756 1230 milites
1788 1207 1807 1229 e

97 1257 237 1300 legione
258 1257 446 1290 undecima
465 1258 550 1299 post
569 1255 748 1298 proelium
770 1255 959 1287 Actiacum
982 1253 1104 1286 Ateste
1124 1253 1294 1286 deductos
1309 1264 1391 1286 esse.
1438 1253 1574 1287 Eodem
1596 1255 1674 1286 sine
1696 1253 1805 1286 dubio

97 1317 252 1358 tempore
275 1324 315 1347 eo
339 1313 484 1346 deducti
505 1315 591 1345 sunt
611 1311 742 1344 milites
766 1322 784 1343 e
807 1311 947 1354 legione
971 1310 1094 1353 aliqua
1120 1312 1245 1353 quinta
1270 1309 1367 1343 dicta
1390 1311 1542 1350 urbana,
1571 1320 1662 1353 quae
1680 1312 1806 1352 postea

95 1381 170 1404 non
192 1372 413 1403 memoratur
437 1367 501 1413 (ef.
526 1379 635 1412 supra
659 1367 704 1402 N.
728 1367 859 1411 2256),
891 1369 977 1399 item
1001 1367 1158 1400 aliarum
1181 1376 1320 1410 quoque
1343 1366 1601 1400 nonnullarum
1624 1365 1807 1408 legionum

97 1427 226 1460 milites
242 1425 306 1467 (cll
324 1426 359 1460 G.
378 1425 416 1459 V
426 1436 460 1468 p.
477 1425 572 1469 240).
597 1443 641 1449 -
667 1425 701 1467 2)
726 1423 873 1457 Colonia
897 1425 974 1469 sine
999 1423 1106 1455 dubio
1124 1423 1223 1463 faeta
1248 1425 1300 1455 est
1319 1423 1440 1456 Ateste
1462 1424 1549 1466 ipsis
1572 1424 1628 1456 his
1650 1422 1806 1455 militum

98 1483 380 1516 deductionibus.
429 1480 484 1521 Cf.
508 1481 700 1514 Mommsen
723 1479 841 1512 Herm.
866 1478 909 1512 48
932 1490 971 1522 p.
994 1478 1072 1512 472.
1119 1479 1365 1512 Enumeratur
1386 1480 1507 1512 Ateste
1529 1481 1624 1512 inter
1648 1479 1807 1512 colonias

99 1538 289 1583 (Augusti)
315 1549 337 1571 a
359 1538 476 1571 Plinio
502 1539 534 1571 Ιι.
558 1547 593 1571 n.
617 1537 653 1579 5,
675 1536 752 1570 450.

212 1682 327 1731 2244
426 1690 591 1732 protome
751 1686 853 1719 miles
886 1686 1034 1720 indutus
1066 1687 1180 1720 lorica
1332 1690 1499 1731 protome

386 1746 436 1786 Μ.
468 1745 621 1786 Caelius
752 1749 939 1791 torquibus
962 1751 997 1780 et
1014 1749 1177 1792 phaleris
1298 1745 1350 1785 M.
1382 1744 1534 1785 Caelius

449 1813 500 1852 M.
531 1812 557 1852 l.
758 1819 903 1858 ornata,
927 1816 1055 1849 deoetra
1087 1819 1181 1850 tenet
1364 1812 1416 1852 Μ.
1446 1812 1472 1851 l.

408 1880 585 1920 Privatus
900 1884 1006 1916 vicem
1302 1880 1534 1920 Thiaminus

631 1946 682 1986 M.
715 1946 845 1987 Caelio
876 1947 921 1987 T.
953 1948 979 1986 f.
1012 1947 1121 1988 Lem.
1152 1947 1280 1996 Bon.¹‚

638 2014 691 2057 0²
719 2015 795 2067 leg.
825 2013 967 2063 xllx-‘2
998 2027 1092 2055 anu.
1123 2015 1277 2065 LIIIS⁴‚

642 2078 806 2138 [ce]cidit
835 2082 939 2123 bello
970 2082 1151 2131 Variana,
1183 2096 1270 2124 ossa

586 2147 768 2204 [i]nferre
797 2150 942 2190 licebit.
974 2151 1016 2190 P.
1046 2151 1198 2192 Caelius
1227 2151 1271 2191 Τ.
1304 2152 1330 2191 f.

757 2217 866 2258 Lem.
898 2218 1020 2258 frater
1050 2218 1155 2259 fecit.

214 2295 274 2328 Ad
306 2294 430 2328 Castra
467 2295 595 2328 Vetera
629 2293 801 2339 (Xanten)
829 2295 1039 2329 Germaniae
1069 2294 1260 2335 inferioris
1290 2305 1382 2338 rep„
1413 2298 1466 2328 est
1494 2295 1642 2329 Bonnae
1666 2294 1808 2338 (Bram-

100 2354 191 2386 bach
207 2353 274 2386 209
283 2364 297 2392 ,·
316 2352 511 2393 imaginem
527 2351 625 2384 dedit
640 2350 923 2385 Lindensclzmitt
940 2352 1184 2386 Altertlzae’c'mer
1199 2362 1329 2385 unsrer
1345 2352 1464 2385 heidn.
1481 2351 1518 2384 V
1515 2353 1628 2385 orzeit
1643 2352 1661 2384 1
1683 2350 1771 2391 fase.
1786 2353 1808 2385 6

100 2410 172 2443 tab.
195 2410 246 2450 5).
271 2426 314 2432 -
343 2408 374 2448 1)
399 2406 546 2451 (Tribu)
572 2407 754 2450 Lemonia,
779 2407 916 2452 (domo)
933 2408 1109 2442 Bononia.
1125 2427 1170 2433 —
1195 2409 1229 2450 2)
1252 2407 1349 2441 Nota
1374 2409 1605 2448 centurionis,
1636 2418 1706 2451 quo
1725 2418 1808 2451 per—

102 2466 192 2499 tinet
215 2466 322 2497 ett‘am
346 2465 430 2496 vitis
460 2473 567 2506 quam
591 2466 685 2496 tenet
715 2463 864 2498 Caelius.
913 2463 1073 2498 Ceterum
1101 2466 1140 2497 in
1164 2464 1283 2507 lapide
1305 2474 1379 2497 non
1404 2463 1428 2497 Ο
1451 2462 1576 2507 fuisse,
1599 2465 1661 2497 sed
1684 2463 1722 2506 Ο,
1746 2464 1808 2497 ad-

100 2521 251 2562 firmant
274 2523 377 2553 testes
403 2520 537 2553 oculati
553 2518 771 2562 comptum,-
794 2530 835 2552 ea
851 2523 928 2562 ipsa
944 2523 1030 2553 nota
1046 2520 1252 2562 significari
1268 2522 1522 2564 centurionem,
1545 2520 1585 2554 id
1606 2523 1724 2553 autem
1747 2531 1808 2555 ea·-

98 2577 307 2620 plieandum
331 2586 377 2609 eat
396 2577 519 2619 prisco
551 2585 637 2617 usu,
669 2585 738 2617 quo
771 2574 798 2609 Ο
830 2576 885 2608 vel
914 2575 942 2610 Θ
966 2586 1153 2609 numerum
1177 2578 1420 2610 centenarium
1441 2577 1723 2620 significaverit,
1754 2579 1809 2609 ait

101 2632 298 2666 Buecheler
320 2642 408 2666 mus.
433 2630 542 2664 Rhen.
558 2631 610 2673 46,
634 2630 716 2664 4894
737 2642 777 2674 p.
792 2632 875 2666 259.
891 2650 934 2656 -
961 2633 995 2673 3)
1019 2632 1131 2675 Legio
1156 2633 1268 2666 deleta
1290 2634 1428 2677 proelio
1447 2634 1607 2668 Variano
1630 2644 1705 2666 una
1729 2643 1806 2665 eum

100 2688 380 2729 undevicesima,
405 2687 447 2720 de
476 2688 579 2720 euius
603 2689 704 2720 exitu
728 2690 850 2721 testem
875 2688 1040 2721 habemus
1066 2687 1227 2723 Tacitum
1256 2700 1339 2725 ann.
1363 2691 1395 2731 4,
1418 2692 1471 2731 60,
1495 2691 1580 2723 item
1603 2693 1645 2723 ut
1668 2690 1809 2722 videtur

67 2766 75 2770 -
102 2755 182 2778 eum
206 2745 342 2777 decima
365 2745 514 2787 septima
522 2755 536 2784 ;
560 2744 688 2777 harum
713 2745 823 2777 trium
840 2744 1019 2787 legionum
1036 2745 1137 2779 nulla
1155 2749 1281 2789 postea
1297 2748 1477 2780 restituta.
1493 2765 1536 2771 -—
1561 2748 1596 2787 4)
1620 2747 1808 2779 Annorum

102 2802 367 2845 quinquaginta
391 2801 502 2833 trium
525 2801 688 2834 semissis.

218 2865 332 2937 ΞΞᾸ5
376 2892 419 2931 Ρ.
442 2891 576 2932 Clodio
598 2890 640 2931 P.
662 2892 688 2930 s.
710 2890 793 2931 Vol.
820 2889 828 2946 Ι
853 2891 969 2942 Alb.¹‚
999 2893 1079 2934 mil.
1110 2893 1185 2945 leg.
1207 2893 1258 2942 1²,
1285 2892 1291 2946 Ι
1318 2905 1381 2933 an.
1403 2892 1543 2932 XLIIX
1572 2893 1662 2945 stip.
1694 2891 1807 2940 XXV,

105 2956 182 3013 lh.
213 2973 244 3000 s.
276 2973 310 3000 e.

217 3025 364 3059 Bonnae
390 3024 607 3069 (Brambaeh
630 3026 693 3059 486
719 3025 836 3067 vidit).
858 3044 903 3050 —
938 3028 969 3068 1)
1004 3026 1244 3069 Significatur
1266 3025 1358 3060 Alba
1382 3025 1573 3059 Heluorum
1600 3026 1810 3069 provinciae

106 3079 350 3115 Narbonensis
375 3081 429 3125 (C.
452 3081 523 3115 XII
541 3092 577 3125 p.
600 3081 698 3126 556).
721 3100 768 3107 -
791 3082 824 3123 2)
847 3080 959 3125 Legio
978 3084 1100 3126 prima
1127 3084 1327 3126 conscripta
1351 3084 1392 3115 ut
1408 3082 1549 3115 videtur
1569 3084 1648 3126 post
1673 3081 1808 3115 cladem
