1968 3268
100 123 181 162 286
387 117 389 120 '
838 123 958 168 caput
979 122 1065 158 1111.

212 239 359 272 Ariciae
384 237 492 278 (XIV
502 237 590 272 2465
608 237 685 270 vidi
701 239 803 280 ipse).
826 255 873 261 —
900 238 931 277 1)
956 236 1052 270 Idem
1075 239 1127 269 est
1149 239 1212 279 qui
1232 239 1355 280 posuit
1377 237 1500 271 titulos
1521 248 1634 281 supra
1655 237 1702 274 Ν.
1723 240 1804 275 808.

95 294 198 329 4284.
221 295 322 329 4282.
348 313 391 319 ——
408 296 442 336 2)
459 294 634 328 Similiter
657 295 763 326 tertio
787 291 1013 336 eoepraefeclo
1036 293 1137 326 urbis
1160 293 1365 336 appellatur
1388 294 1445 327 ln‘c
1461 294 1620 328 Faustus
1634 296 1675 328 in
1693 294 1804 330 Gestis

98 354 242 384 senatus
271 352 370 383 urbis
393 350 523 384 Romae
554 350 597 382 de
626 350 830 392 recipiendo
862 349 983 382 codice
1017 349 1260 383 Theodosiana
1292 349 1341 392 (a.
1364 350 1460 394 458).
1508 351 1669 384 Ρνίπηιηι
1697 362 1803 395 prae·

98 406 215 447 fectus
238 409 322 440 urbi
342 406 468 447 fuerat
489 409 571 439 ante
595 417 626 439 a.
651 406 717 439 424
742 404 794 448 (C.
823 405 876 439 VI
895 404 1012 448 4676),
1044 407 1173 439 iterum
1196 417 1229 439 a.
1254 406 1321 439 425
1346 406 1410 446 (cf.
1434 417 1544 450 supra
1568 406 1612 442 N.
1635 408 1733 452 805).
1756 427 1802 434 —-

99 465 133 507 3)
158 463 397 506 Significatur
418 463 595 495 Faustum
625 463 674 495 ad
703 472 813 494 unam
844 461 1036 494 alteramve
1064 461 1330 505 praefecturam
1360 464 1461 496 urhis
1482 464 1630 497 iudiciis
1650 466 1805 508 impera-

99 523 217 554 torum
245 522 432 562 utriusque
463 520 607 562 imperii
634 529 706 551 esse
742 521 947 561 promotum
977 516 1041 561 (cfi
1073 518 1266 552 Mommsen
1295 518 1412 552 Neues
1441 520 1577 553 Archiv
1608 518 1637 560 fi
1668 521 1734 555 alt.
1765 521 1800 556 d.

101 575 221 610 Gesclz.
244 575 284 608 44
303 586 341 618 p.
366 577 435 610 245
458 578 529 608 not.
531 579 561 617 ).
591 594 636 599 ——
659 576 693 615 4)
718 573 951 614 Praefectura
975 572 1213 617 praetoriana
1236 575 1460 618 fungebatur
1488 587 1521 611 a.
1544 577 1631 620 458,
1661 578 1804 611 testibus

101 632 214 666 Gestis
235 643 345 675 supra
371 632 461 675 (not.
477 633 517 676 2)
544 632 700 664 laudatis
707 644 721 672 ‚·
752 634 907 664 ceterum
930 632 988 663 hic
1012 631 1138 663 titulus
1158 634 1296 674 positus
1318 634 1368 665 sit
1389 643 1527 666 necesse
1550 636 1604 666 eet
1625 636 1709 666 anto
1732 633 1802 668 kal.

98 689 174 722 Ian.
191 689 272 730 458,
296 699 364 731 quo
381 688 539 720 Faustus
563 689 688 720 consul
712 687 919 720 ordinarius
940 689 1124 729 processit.
1147 706 1194 711 —
1209 688 1271 721 Ad
1292 689 1440 722 eundem
1462 689 1655 733 Faustum,
1681 690 1802 724 iudice

97 745 219 778 Rossio
252 745 351 782 (bull.
383 745 422 776 di
452 745 550 777 arch.
581 746 676 777 crist.
707 755 774 777 ser.
799 744 858 777 IV
874 755 906 777 a.
929 745 960 785 6,
985 744 1107 787 488819
1127 755 1163 787 p.
1192 744 1270 788 424)
1303 749 1463 788 spectant
1494 745 1700 789 fragmenta
1730 748 1804 790 epi-

98 803 216 844 tap'ln'i
240 802 423 834 cuiusdam
447 802 587 833 metrici
610 811 724 842 nuper
746 803 897 841 reperta.

211 880 325 927 1284
369 882 424 921 FI.
459 881 547 921 Olbi
578 881 746 920 Auxenti
776 877 972 935 Drauc[i].
1001 879 1006 934 Ι
1048 880 1104 919 Fl.
1137 881 1251 921 Olbio
1281 883 1477 922 Auxentio
1507 883 1661 924 Drauco
1699 897 1735 924 v,
1765 897 1800 924 c.

99 957 138 991 et
168 951 258 999 inl.,
299 951 483 1002 patriciae
521 949 686 988 familiae
717 947 723 1002 Ι
756 949 860 996 viro,
899 955 1058 988 senatus
1099 949 1230 989 munis
1260 957 1442 1003 prompta
1472 951 1679 991 devotione
1709 963 1801 1003 per-

98 1020 251 1064 functo,
279 1017 284 1071 Ι
312 1018 444 1057 comiti
476 1017 625 1056 ordinis
654 1016 771 1069 primi
802 1022 842 1056 et
870 1016 1014 1055 vicario
1051 1016 1158 1056 urbis
1188 1017 1356 1066 Romae,
1387 1019 1520 1059 comiti
1546 1017 1552 1072 Ι
1579 1019 1678 1059 sacri
1708 1031 1806 1058 cou—

98 1088 256 1134 sistorii,
288 1087 486 1139 praefecto
517 1085 627 1125 urbis
646 1084 827 1130 Romae¹,
859 1084 909 1123 ob
931 1084 1087 1135 egregia
1114 1082 1120 1135 Ι
1147 1084 1231 1123 eius
1250 1085 1633 1126 administrationum
1653 1086 1805 1134 merita,

99 1167 199 1207 quae
229 1154 465 1206 integritate,
493 1151 499 1207 Ι
526 1164 692 1192 censura
723 1159 762 1191 et
791 1151 1063 1191 moderatione
1092 1151 1144 1191 ita
1175 1152 1397 1204 viguerunt,
1427 1160 1471 1193 ut
1493 1151 1804 1206 sublimissilmae

97 1222 301 1275 potestatis
330 1221 590 1261 reverentiam
620 1220 837 1259 honorifica
868 1220 952 1259 eius
981 1225 1096 1258 aucto
1111 1219 1204 1259 ritas
1224 1221 1439 1261 custodiret
1459 1226 1499 1261 et
1518 1221 1801 1261 humanitatem

97 1291 277 1331 amabilis
307 1301 474 1329 censura
501 1286 507 1342 Ι
533 1293 717 1334 servaret,
748 1288 874 1339 petitu
904 1293 1065 1327 senatus
1095 1287 1336 1339 amplissimi,
1368 1288 1436 1340 qui
1466 1295 1526 1329 est
1554 1289 1680 1329 iustus
1705 1286 1712 1343 Ι
1737 1301 1801 1328 ar-

97 1359 201 1399 biter
230 1358 484 1410 dignitatum,
524 1355 806 1395 excellentibus
835 1362 875 1395 et
904 1355 1122 1407 magnificis
1148 1355 1154 1407 Ι
1182 1355 1272 1395 viris
1300 1356 1495 1408 legatione
1525 1356 1728 1405 mandata,
1757 1363 1802 1397 ut

98 1427 380 1479 imperatorum
421 1423 600 1476 digni}tas
638 1429 853 1471 cresceret,
894 1435 994 1475 quae
1031 1423 1192 1475 paribus
1231 1424 1368 1464 studiis
1403 1436 1535 1464 amore
1565 1424 1736 1464 iustitiae
1765 1430 1805 1464 et

98 1493 368 1548 providentiae
399 1492 733 1539 desiderabantur,
765 1491 828 1530 dd.
861 1504 931 1531 nn.
963 1491 1065 1531 FFll.
1093 1490 1099 1545 Ι
1126 1492 1370 1532 Theodosius
1400 1498 1440 1531 et
1470 1491 1648 1532 Placidus
1662 1491 1802 1531 Valen-

98 1562 273 1602 tinianus
303 1561 437 1600 invicti
473 1558 479 1612 Ι
512 1572 557 1598 ac
595 1559 861 1599 triumfatores
900 1559 1101 1611 principes
1130 1572 1288 1612 semper
1316 1559 1482 1611 Augusti
1508 1558 1515 1612 Ι
1540 1558 1587 1599 ad
1619 1571 1804 1599 remune-

96 1631 290 1670 rationem
327 1628 541 1679 titulosque
581 1627 786 1673 virtutum,
831 1626 939 1678 quib.
967 1625 973 1681 Ι
1000 1628 1102 1667 circa
1140 1640 1223 1667 rem
1254 1627 1451 1679 publicam
1481 1626 1621 1667 eximia
1649 1639 1805 1679 semper

97 1698 276 1751 probitas
303 1696 309 1749 Ι
335 1696 531 1743 invitatur,
562 1700 727 1734 statuam
758 1706 855 1734 auro
886 1695 1099 1745 fulgentem
1132 1695 1230 1747 erigi
1256 1694 1262 1748 Ι
1289 1694 1566 1746 conlocarique
1590 1695 1802 1736 iusserunt.

214 1763 343 1796 Romae
367 1773 441 1805 rep.
460 1771 574 1804 prope
596 1760 718 1799 forum
746 1759 898 1794 Traiani
921 1761 1092 1801 (V14725
1117 1762 1227 1794 deser.
1252 1761 1294 1794 de
1315 1760 1444 1803 Rosci).
1470 1780 1506 1785 -
1539 1761 1572 1801 1)
1596 1759 1804 1801 Praefectus

98 1822 180 1853 urbi
203 1820 279 1859 fuit
302 1820 506 1852 Auoeentius
531 1817 686 1860 qnidam,
715 1819 758 1850 ab
784 1819 850 1851 hoc
874 1820 937 1850 via:
961 1818 1130 1860 diversus,
1158 1829 1191 1851 a.
1215 1818 1274 1850 444
1302 1816 1407 1857 (Νου.
1434 1817 1682 1851 Valentiniani
1704 1818 1803 1851 tertii

96 1879 130 1919 8,
146 1878 198 1918 2),
222 1875 427 1919 praefectus
450 1876 534 1907 urbi
556 1876 687 1907 iterum
712 1885 744 1906 a.
768 1875 832 1907 445
857 1874 918 1914 (ib.
943 1874 996 1914 45,
1014 1874 1061 1916 4).

210 1964 322 2010 1285
367 1967 504 2006 Rufius
535 1966 821 2017 Praetextatus¹
850 1966 855 2014 Ι
882 1965 1158 2005 Postumianus
1187 1977 1221 2004 v.
1254 1977 1310 2013 ο..
1341 1965 1443 2005 filius
1468 1964 1474 2018 Ι
1502 1965 1698 2017 magnifici
1729 1965 1800 2005 viri

97 2034 328 2074 Mariniani2
354 2033 359 2086 Ι
393 2034 581 2086 praefecti
620 2033 818 2086 praetorio
855 2033 861 2082 Ι
896 2040 935 2071 et
963 2033 1137 2072 consulis
1168 2032 1392 2081 ordinarii³,
1420 2033 1425 2085 Ι
1453 2038 1638 2084 quaestor
1667 2032 1802 2072 candi-

98 2103 232 2150 datus,
267 2102 272 2154 Ι
299 2109 459 2153 praetor
489 2102 684 2148 urbanus,
720 2100 904 2140 tribunus
931 2098 936 2154 Ι
964 2106 1003 2139 et
1032 2100 1208 2140 notarius
1238 2100 1522 2152 praetorianus,
1549 2100 1556 2154 Ι
1580 2100 1803 2153 praefectus

98 2170 187 2209 urbi
218 2170 405 2218 seeundO,
435 2167 439 2222 Ι
466 2169 607 2209 consul
637 2168 896 2215 ordinarius⁴,
927 2180 1025 2219 quos
1052 2167 1057 2221 Ι
1084 2174 1215 2208 tantos
1244 2180 1289 2207 ac
1318 2168 1414 2208 tales
1443 2168 1616 2208 honores
1641 2167 1648 2220 Ι
1673 2167 1801 2220 primo

100 2239 237 2278 aetatis
268 2251 359 2278 suae
390 2238 487 2276 flore
514 2237 519 2288 Ι
546 2237 776 2288 promeruit.

215 2304 342 2337 Romae
367 2303 437 2343 (VI
456 2304 535 2336 4764
561 2303 655 2335 vidit
677 2302 846 2344 Henzen).
878 2321 924 2326 —
959 2303 990 2342 1)
1014 2301 1107 2333 Haec
1134 2303 1242 2334 verba
1266 2302 1405 2344 scalpro
1430 2301 1544 2334 deleta
1569 2302 1702 2342 (nescio
1726 2310 1796 2343 qua

99 2362 142 2394 de
168 2363 311 2402 causa),
343 2360 404 2392 sed
427 2363 545 2392 tamen
570 2360 750 2402 leguntur.
775 2378 820 2382 -—
845 2359 877 2399 2)
902 2358 1053 2391 Flavius
1076 2358 1205 2390 Avitus
1228 2357 1472 2398 Marinianus,
1506 2360 1591 2390 leste
1613 2357 1716 2390 titulo
1741 2366 1798 2399 ap.

99 2417 142 2450 de
167 2416 267 2449 Rossz'
292 2418 396 2448 inser.
422 2417 495 2448 chr.
521 2416 540 2448 I
561 2426 595 2448 n.
619 2416 695 2449 653.
722 2434 764 2439 —-
790 2415 823 2456 3)
846 2415 888 2447 A.
912 2415 992 2448 425.
1017 2433 1061 2437 -
1085 2416 1118 2454 4)
1142 2414 1188 2447 Α.
1211 2415 1283 2448 448.

212 2570 324 2617 1286
368 2561 454 2611 Iun.
487 2572 628 2612 Bassus
660 2585 691 2611 V.
724 2585 756 2611 c.
790 2574 855 2624 qui
886 2573 979 2612 vixit
1008 2573 1123 2612 annis
1152 2572 1256 2612 XLII
1287 2585 1390 2612 men.
1421 2571 1470 2619 II,
1501 2571 1541 2610 in
1571 2569 1655 2621 ipsa
1685 2582 1796 2621 prae·

97 2643 248 2681 sectura
279 2640 369 2679 urbi
400 2640 570 2679 neofitus
600 2640 644 2678 iit
673 2641 717 2678 ad
751 2641 880 2687 deum,
913 2641 997 2680 VIII
1027 2641 1103 2680 kal.
1135 2641 1241 2692 Sept.
1263 2637 1434 2678 Eusebio
1465 2642 1503 2676 et
1522 2637 1661 2688 Ypatio
1683 2637 1797 2677 coss.¹

211 2706 342 2739 Romae
357 2716 432 2748 rep.
449 2716 480 2738 a.
498 2705 584 2738 4595
602 2705 649 2737 ad
663 2706 864 2747 sepulcrum
882 2708 979 2739 Petri
994 2706 1156 2749 apostoli,
1181 2709 1231 2738 est
1247 2707 1284 2737 in
1302 2706 1436 2748 cryptis
1451 2703 1619 2736 basilicae
1637 2702 1672 2736 S.
1689 2703 1796 2744 Petri,

98 2764 342 2806 sarcophagus
372 2764 522 2794 ornatus
554 2762 666 2793 variis
697 2763 800 2793 rebus
830 2765 953 2803 petitis
983 2774 1029 2795 ea·
1059 2766 1174 2795 vetere
1201 2771 1361 2803 novoque
1384 2761 1591 2792 testamento
1615 2759 1675 2800 (de
1697 2758 1799 2792 Hosti

99 2822 203 2853 inser.
230 2821 303 2852 clzr.
329 2819 349 2851 Ι
361 2819 450 2860 444).
476 2836 520 2842 —
547 2820 578 2859 1)
602 2818 645 2850 A.
667 2817 746 2850 559.
794 2818 953 2859 Bassum,
972 2819 1098 2860 paullo
1121 2821 1307 2861 postquam
1326 2814 1532 2859 praefectus
1555 2817 1655 2848 urbis
1676 2814 1797 2854 factus

99 2878 195 2917 esset,
224 2876 409 2908 decessisse
432 2877 562 2907 narrat
584 2875 795 2906 Ammianus
817 2873 868 2913 47,
885 2873 936 2914 44,
951 2876 973 2906 5
997 2876 1060 2906 sub
1085 2886 1117 2907 a.
1142 2876 1221 2908 558.

213 2954 327 2999 1287
372 2956 572 3008 depositus
603 2954 867 3008 Constantlius
904 2966 939 2992 v.
980 2967 1013 2993 c.
1054 2967 1100 2993 ex
1138 2951 1387 3006 proconsulle
1416 2952 1568 2991 Africae
1604 2951 1666 2990 die
1696 2951 1798 3004 prid.

99 3022 206 3077 nolu.
238 3023 309 3062 lul.
342 3029 430 3075 post
459 3035 569 3063 cons.
600 3024 634 3063 d.
665 3035 705 3061 n.
738 3020 922 3076 Graltiani
953 3023 1048 3072 Aug.
1081 3021 1133 3060 III
1165 3029 1203 3061 et
1232 3020 1375 3074 Eiquiti
1404 3032 1439 3059 v.
1471 3020 1519 3059 c.¹
1742 3021 1745 3023 ’
