1968 3268
117 101 198 138 368
372 120 376 123 ·
867 103 988 147 caput
1009 103 1073 139 VI.

555 259 693 310 Servi
731 266 777 309 et
812 261 969 310 liberti
1002 262 1380 325 publicanorum.

231 371 340 418 1851
474 401 690 412 ......
723 373 786 412 ei.¹
817 373 861 413 L.
891 373 918 412 l.
948 373 1071 425 Agato
1100 373 1299 426 portitor.²
1326 387 1406 415 soc.
1437 374 1487 415 s.³

472 469 690 479 ......
722 440 1004 492 columnasque
1034 441 1151 492 mag.⁴
1180 441 1225 480 fi-

474 504 519 562 [li
545 510 608 547 sui
636 514 670 547 et
699 504 787 564 s]uo
818 508 1015 548 Menervai
1046 509 1082 548 d.
1115 508 1151 547 d.
1183 508 1208 548 l.
1239 521 1291 548 m.

230 574 328 606 Inter
352 573 553 616 Aquileiam
577 577 611 606 et
637 573 800 616 Tergeste
823 585 909 618 rep„
933 578 986 607 est
1004 568 1167 617 Tergeste
1193 575 1337 615 (14462.
1364 575 1399 609 V
1411 576 1478 610 703
1499 576 1594 609 vidit
1607 576 1798 610 Mommsen
1806 587 1822 617 ‚-

114 629 249 662 Riiscltl
277 630 346 664 tab.
370 629 484 663 LXXI
499 630 549 671 d).
568 649 610 654 —-
640 631 671 672 1)
698 629 806 663 Casus
824 632 968 673 primus
987 631 1168 674 gentilicii
1190 632 1385 664 desinentis
1407 634 1446 665 in
1469 632 1553 667 cius.
1577 651 1622 657 —
1646 633 1680 675 2)
1703 633 1819 666 Porti-

114 687 205 718 toris
221 687 431 719 vocabulum
448 686 590 718 videtur
601 688 725 728 postea
742 686 917 730 additum,
933 697 1011 720 cum
1022 689 1184 731 primum
1200 689 1276 720 eius
1293 687 1369 721 loeo
1384 687 1500 728 fuerit
1514 698 1586 724 soc.
1602 698 1642 730 8.,
1666 698 1818 731 quarum

114 742 317 774 litterarum
341 743 518 785 reliquiae
542 742 659 775 adhue
682 743 735 774 ibi
758 745 964 778 cernuntur.
982 763 1027 769 —
1052 746 1086 786 3)
1110 744 1298 777 Sociorum
1320 755 1452 777 servus.
1483 762 1528 770 —
1552 746 1587 785 4)
1609 744 1819 787 Magister-io

115 798 223 841 (quae
245 802 444 841 sequuntur
466 799 644 842 supplevit
666 798 766 841 Mo.).
790 816 835 823 -
861 798 996 832 Similis
1019 803 1070 832 est
1093 801 1220 833 titulus
1242 800 1481 843 Aquileiensis
1505 801 1544 834 V
1558 801 1636 834 792.

226 888 340 935 1852
383 890 637 941 Euhangelus
663 887 670 943 Ι
696 902 776 929 soe.
805 889 945 929 XXXX
974 892 1064 930 ser.¹
1092 890 1098 944 Ι
1125 891 1319 931 Mercurio
1346 891 1352 940 Ι
1379 905 1412 931 V.
1443 904 1473 932 s.
1503 892 1530 931 l.
1561 904 1612 932 m.

227 955 268 988 In
293 957 372 988 vico
399 953 514 989 Theza
540 966 655 999 prope
679 955 886 998 Perpignan
918 955 1002 998 (XII
1023 957 1145 1000 5562).
1177 975 1224 982 -
1256 959 1287 999 1)
1312 957 1501 990 Sociorum
1525 957 1820 1000 quadragesimae

110 1022 243 1045 servus.

224 1099 338 1146 1853
382 1103 540 1143 Pudens
570 1115 649 1142 soc.
677 1102 683 1156 Ι
709 1102 804 1155 pub.
826 1102 891 1141 XL
913 1115 989 1142 ser.
1022 1100 1064 1157 Ι>
1092 1104 1182 1143 ser.¹
1214 1103 1323 1142 finib.
1350 1103 1357 1156 Ι
1385 1102 1488 1143 Cotti
1516 1103 1631 1150 vovit,
1658 1101 1665 1157 Ι
1688 1114 1816 1148 arear.

113 1169 265 1220 Lugud.
293 1167 299 1220 Ι
326 1181 356 1208 s.
387 1169 412 1208 l.
444 1181 495 1208 m.

224 1236 441 1276 Aviglianae
459 1236 569 1274 (inter
593 1234 823 1276 Segusionem
849 1238 882 1267 et
909 1234 1137 1279 Taurinum),
1159 1237 1224 1268 ubi
1244 1234 1320 1275 fuit
1343 1237 1481 1269 mansio
1497 1235 1608 1270 Fines
1626 1235 1721 1268 Cotti
1742 1237 1817 1268 sive

111 1291 222 1325 Fines
253 1291 555 1333 Quadragesimae
588 1289 650 1331 (cf.
682 1290 874 1323 Mommsen
907 1290 940 1324 C.
974 1291 1007 1324 V
1034 1302 1069 1334 p.
1092 1291 1193 1335 844),
1223 1301 1320 1324 nune
1347 1291 1500 1325 Taurini
1531 1291 1582 1332 (V
1602 1291 1694 1326 72¹3
1726 1291 1817 1324 vidit

111 1347 332 1392 Mommsen).
389 1348 506 1381 Simul
540 1347 678 1390 prodiit
707 1347 798 1379 aller
828 1346 919 1389 lapis
948 1347 1074 1380 iisdem
1104 1349 1220 1380 verbis
1248 1349 1456 1390 inscriptus.
1487 1366 1531 1372 -—
1567 1348 1599 1390 1)
1628 1347 1816 1382 Sociorum

106 1403 243 1446 publici
267 1404 561 1446 quadragesimae
583 1414 706 1436 servus
728 1405 1022 1446 contrascriptor.

225 1492 339 1538 1854
382 1495 418 1534 d.
441 1507 492 1534 m.
516 1491 523 1548 Ι
544 1491 799 1547 νὶοῑοΓίΙηθθε
820 1491 826 1547 Ι
851 1494 1086 1542 Flamininus,
1111 1492 1117 1549 Ι
1144 1495 1193 1534 Μ.
1214 1494 1403 1547 Tarquini
1426 1493 1432 1549 Ι
1454 1494 1638 1535 Memoris
1663 1495 1692 1535 :J
1716 1493 1783 1548 XL
1807 1494 1815 1549 Ι

115 1562 237 1601 Gal}.¹
269 1575 359 1610 ser„
390 1562 490 1602 vilic.
532 1564 537 1611 Ι
579 1562 759 1602 stationis
789 1562 904 1611 Ped.,
943 1560 950 1616 Ι
993 1562 1151 1614 coniugi
1183 1560 1414 1618 carislsimae
1445 1568 1485 1602 et
1513 1563 1561 1602 de
1590 1575 1632 1602 se
1666 1561 1673 1616 Ι
1712 1561 1816 1602 hene

109 1630 290 1670 merenti.

222 1697 342 1738 Borgo
367 1696 441 1729 San
457 1696 653 1728 Dalmazzo
677 1698 804 1739 (prope
829 1697 974 1738 Cuneo),
997 1698 1060 1729 ubi
1081 1695 1158 1736 fuit
1180 1696 1272 1730 Pedo
1298 1696 1356 1739 (V
1370 1696 1459 1730 7852
1484 1696 1578 1728 vidit
1592 1695 1813 1740 Mommsen).
1833 1733 1837 1738 ,

109 1770 152 1776 —-
190 1753 221 1794 1)
256 1752 491 1786 Conductoris
523 1752 818 1795 quadragesimae
852 1752 1049 1785 Galliarum
1083 1752 1183 1795 (nota
1217 1757 1240 1789 ζ)
1270 1763 1340 1795 pro
1373 1752 1587 1785 conductore
1623 1751 1713 1785 alibi
1742 1762 1815 1786 non

107 1810 315 1851 reperitur).

226 1897 339 1942 1855
369 1899 529 1938 Numini
560 1900 772 1951 Augustor.
797 1898 802 1953 Ι
826 1905 865 1938 et
894 1899 1018 1939 Genio
1050 1912 1087 1952 p.
1118 1900 1187 1952 p.¹‚
1218 1899 1384 1939 Hermes
1407 1900 1411 1953 Ι
1435 1898 1624 1938 Iuliorum
1645 1897 1814 1954 Ianulari

111 1966 313 2018 Capitonis
340 1965 346 2019 Ι
373 1966 656 2019 Epaphroditi²
680 1965 687 2020 Ι
715 1966 1001 2016 conductorum
1029 1965 1036 2019 Ι
1061 1979 1100 2019 p.
1121 1967 1175 2018 p.¹
1197 1966 1340 2019 lllyrici
1371 1972 1409 2006 et
1435 1964 1441 2021 Ι
1467 1966 1575 2018 ripae
1596 1966 1784 2006 Thraciae
1805 1964 1812 2020 Ι

106 2046 182 2072 ser.
212 2033 294 2077 vil..
325 2034 469 2084 posuit.

225 2098 337 2144 1856
381 2101 411 2140 Ι.
443 2114 480 2140 o.
510 2114 561 2141 m.
590 2099 596 2154 Ι
623 2107 662 2141 et
692 2114 800 2141 num.
822 2103 919 2153 Aug.
953 2114 992 2140 n.
1020 2100 1027 2155 Ι
1054 2106 1091 2141 et
1120 2114 1159 2154 p.
1190 2103 1257 2154 p.¹‚
1289 2113 1399 2154 proc.
1428 2099 1434 2155 Ι
1459 2100 1620 2140 Avianio
1640 2097 1813 2153 Bel!lico‚

108 2168 255 2208 Maceio
283 2168 289 2221 Ι
316 2169 425 2208 Caes.
450 2181 488 2207 n.
521 2181 621 2208 serv,
650 2166 655 2222 Ι
681 2169 816 2208 vilicus
836 2168 1021 2223 vecltigal.
1044 2166 1233 2223 Illyrilci³‚
1265 2168 1356 2208 idib.
1379 2169 1484 2222 Sept.
1513 2166 1520 2221 Ι
1546 2167 1722 2207 Mamert.
1744 2173 1783 2207 et
1805 2166 1812 2221 Ι

106 2235 209 2275 Rufo
241 2237 337 2275 cos.⁴

221 2301 391 2344 Nicopoli
420 2303 468 2335 ad
490 2303 621 2335 Istrum
644 2311 718 2344 rep.
745 2302 819 2344 (ΙΙΙ
838 2302 912 2335 754.
936 2301 1002 2335 752
1028 2302 1082 2335 ΙΙΙ
1105 2302 1142 2335 S.
1164 2301 1261 2341 7434,
1284 2301 1372 2335 7455
1406 2301 1496 2333 vidit
1517 2299 1812 2342 Domaszewsks).

107 2376 147 2380 —
178 2359 209 2399 1)
226 2358 364 2390 Publici
383 2360 552 2400 parterii.
576 2377 621 2382 —
638 2359 670 2399 2)
690 2357 799 2390 Genio
824 2359 951 2391 horum
976 2360 1086 2390 trium
1102 2357 1277 2390 Iuliorum
1293 2359 1336 2390 ab
1362 2358 1427 2389 hoc
1450 2358 1527 2400 ipso
1551 2357 1680 2389 Herma
1702 2355 1811 2388 vilico

101 2414 243 2454 positus
275 2417 326 2446 est
350 2415 476 2447 titulus
499 2425 609 2456 supra
632 2413 677 2448 N.
701 2414 794 2454 4464,
818 2415 884 2446 nni
908 2425 953 2446 eoe
981 2416 1042 2454 eis,
1069 2414 1246 2457 Capitoni,
1271 2411 1315 2446 N.
1340 2412 1434 2446 4465.
1458 2430 1503 2436 --
1532 2413 1565 2454 3)
1588 2412 1749 2454 Apparet
1770 2421 1810 2444 eo

107 2471 265 2510 tempore
281 2480 349 2511 quo
368 2471 493 2502 titulus
510 2470 554 2503 N.
572 2471 657 2504 4856
670 2472 808 2512 positus
825 2473 885 2511 est,
898 2472 1105 2513 portorium
1121 2471 1264 2513 Illyrici
1282 2470 1357 2502 iam
1372 2469 1512 2501 desiisse
1529 2467 1644 2500 locari
1659 2466 1812 2500 condue-

106 2526 262 2567 loribus‚
297 2529 331 2557 et
354 2526 645 2558 administratam
671 2537 742 2558 esse
772 2538 793 2559 a
826 2528 937 2559 servis
970 2526 1145 2568 Caesaris,
1178 2535 1301 2558 curam
1329 2527 1457 2567 agente
1482 2525 1732 2566 procuratore.
1765 2539 1811 2547 —-·

105 2582 139 2621 4)
162 2580 205 2614 Α.
230 2580 307 2614 482.

220 2679 334 2726 1857
378 2683 413 2722 d.
445 2684 469 2722 i.
503 2683 567 2722 M.¹
604 2683 609 2735 Ι
645 2683 840 2734 Eutyches
875 2684 881 2736 Ι
916 2684 1049 2724 Iulior.
1086 2681 1092 2736 Ι
1127 2696 1159 2722 c.
1190 2695 1228 2734 p.
1259 2680 1316 2734 p.²
1343 2692 1418 2721 ser.
1441 2683 1463 2715 7
1487 2691 1562 2718 scr.
1591 2679 1597 2733 Ι
1631 2679 1809 2719 stationis

106 2748 270 2797 Boiod.³‚
298 2748 303 2804 Ι
331 2763 378 2789 ex
406 2751 481 2790 vik.
513 2750 679 2802 Benigni
709 2750 771 2789 vil.
800 2751 806 2802 Ι
833 2757 918 2790 stat.
950 2751 1146 2790 Atrantin.
1173 2751 1180 2800 Ι
1207 2761 1311 2789 aram
1342 2760 1430 2787 cum
1461 2747 1573 2798 signo
1600 2744 1607 2797 Ι
1633 2746 1768 2786 Lunae
1799 2746 1806 2799 Ι

106 2828 151 2854 ex
182 2823 270 2856 voto
302 2818 446 2869 posuit,
474 2817 480 2871 Ι
506 2831 545 2870 p.
577 2830 609 2857 r.
641 2830 671 2857 s.
703 2817 747 2856 t!
779 2817 856 2856 Cla.
888 2818 1023 2857 Senill.

216 2883 389 2925 Hraslnig
413 2884 461 2917 ad
483 2884 615 2918 Savum
639 2893 711 2925 rep.
739 2884 800 2915 ubi
823 2881 897 2922 fuit
919 2885 1058 2916 mansio
1082 2883 1227 2925 Atrans,
1252 2884 1325 2915 iam
1342 2880 1498 2914 Laibaeh
1515 2877 1688 2922 (1115424
1712 2877 1808 2910 vidit

105 2936 325 2978 Mommsen).
350 2957 396 2962 —
422 2942 454 2981 1)
477 2939 553 2972 Deo
585 2941 719 2972 invicto
744 2938 908 2971 Mithrae.
935 2959 978 2964 «-
1004 2940 1038 2979 2)
1065 2938 1329 2981 Significantur
1359 2937 1435 2968 sine
1459 2935 1565 2967 dubio
1587 2933 1697 2965 iidem
1721 2933 1809 2966 Iulii

102 2992 331 3035 conductores
345 2995 481 3037 publici
492 2997 653 3037 portorii
670 2995 733 3037 qui
747 2994 791 3028 N.
810 2994 906 3028 4855.
926 3013 969 3019 -—
996 2995 1028 3036 3)
1046 2994 1336 3036 Contrascriptor
1358 2991 1525 3024 stationis
1540 2989 1807 3023 Boiodurensis.
