1968 3268
146 90 227 127 268
401 117 405 120 ⁴
646 143 650 146 ῃ
895 89 1015 135 Caput
1038 89 1121 124 1111.

146 206 192 247 cs:
219 205 271 239 IX
289 206 385 240 4445.
409 205 520 249 4446),
545 208 618 237 tum
645 204 814 238 Venetiae
837 206 871 235 et
893 203 1062 236 Histriae.
1085 221 1129 227 —
1155 203 1190 244 3)
1214 202 1469 243 Perfectissimi
1490 204 1574 238 viri.
1595 221 1642 228 —
1665 204 1700 246 4)
1726 203 1850 239 Ratio-

144 263 240 296 nalis
261 262 336 303 fuit
359 264 421 304 bis,
445 261 575 294 Romae
598 264 634 293 et
656 262 695 292 in
719 258 860 299 Africa.
884 278 930 283 —
953 259 985 300 5)
1013 259 1153 294 Vicarii
1171 257 1439 302 praefectorum
1457 269 1526 302 per
1554 259 1711 294 Italiam.
1737 279 1780 287 ο
1803 261 1848 295 In

146 320 254 352 latere
277 320 383 352 huius
404 318 623 360 sarcophagi
645 317 732 349 Ilaec
759 317 922 349 extitisse
946 315 1136 348 dicuntur:
1164 325 1208 349 m.
1233 326 1262 349 c.
1287 315 1324 358 f.‚
1345 315 1350 359 Ι
1370 325 1416 349 m.
1440 326 1469 350 c.
1494 326 1539 360 p„
1561 316 1566 358 Ι
1586 315 1622 350 L.
1648 315 1740 351 Noni
1763 315 1850 351 Fau-

147 376 239 417 stini,
261 375 266 419 Ι
287 374 466 408 Laudiciae
492 373 580 416 (non
604 373 696 405 vidit
717 372 932 416 Burmann).

257 477 370 522 1219
414 478 585 517 Barbaro
612 476 618 528 Ι
647 477 886 529 Pompeiano
915 489 950 516 v·
983 484 1017 516 e.
1048 476 1247 516 consulari
1278 476 1439 530 Camp.¹‚
1475 476 1481 529 Ι
1515 477 1722 518 universus
1752 478 1850 518 ordo

144 549 250 588 fotus
279 547 367 598 adq.
399 544 565 600 adliutus
595 544 798 585 beneficiis
827 545 924 592 eius,
960 544 1077 584 simul
1107 545 1223 584 etiam
1249 542 1255 596 Ι
1282 545 1388 596 quod
1417 544 1575 598 publica
1604 545 1779 586 aedificia
1807 547 1849 587 in

143 614 311 668 rulinam
351 613 536 665 conlapsa
574 612 753 652 benivola
793 611 1063 665 dispogsitione
1102 612 1212 651 refici
1249 613 1338 664 adq.
1377 612 1588 653 instaurari
1624 611 1850 670 praeleepit,

143 689 309 723 statuam
342 682 388 721 ad
420 679 723 733 perpetuitatem
750 678 756 732 Ι
785 680 958 720 nominis
989 680 1073 720 eius
1104 680 1231 731 adque
1261 680 1473 720 memoriae
1509 681 1550 720 in
1587 681 1685 736 folro
1714 682 1851 723 habitu

143 751 243 791 civili
275 749 542 789 exultantibus
568 746 574 802 Ι
601 748 757 788 cunctis
787 748 1011 795 constituit,
1049 754 1213 787 curante
1243 747 1315 788 Iul.
1346 746 1571 804 Laurenltio
1601 761 1636 788 v.
1666 762 1706 802 p.
1736 762 1851 790 cura-

142 826 228 858 tore
265 817 429 858 civitatis
460 817 554 856 eius.
623 820 682 863 (In
709 820 835 863 latere)
868 816 953 855 ded.
987 816 1015 854 V
1056 829 1151 855 non.
1192 816 1305 855 Mart.
1339 815 1345 867 Ι
1371 816 1423 855 Μ.
1454 816 1636 857 Nummio
1666 817 1810 857 Albino
1841 815 1847 871 Ι

141 887 193 926 Μ.
225 886 356 926 Laelio
387 885 553 924 Maximo
585 884 694 931 eos.²‚
721 882 726 936 Ι
755 890 908 923 curant.
940 884 981 924 C.
1014 884 1168 923 Valerio
1200 884 1357 924 Dolutio
1386 884 1601 924 Marciano.

256 954 444 986 Praeneste
469 949 570 993 (XIV
592 950 680 983 2949
705 948 752 989 cll
775 961 811 993 p.
835 952 897 983 494
927 950 1035 982 semel
1066 950 1244 993 descripta
1267 961 1357 984 saec.
1382 950 1448 984 XV
1471 951 1527 984 vel
1547 950 1635 985 XV]
1659 953 1702 984 ab
1725 953 1850 994 ignoto

142 1010 316 1053 auctore).
335 1028 373 1033 -ι
398 1009 428 1048 1)
447 1007 615 1039 Eiusdem
639 1010 690 1039 est
713 1006 839 1039 titulus
859 1007 894 1039 Χ
907 1007 1000 1040 4499.
1040 1007 1131 1039 Fuit
1154 1008 1356 1040 consularis
1373 1007 1589 1050 Campaniae
1611 1019 1644 1042 ιι.
1659 1009 1734 1043 333
1757 1008 1851 1051 (cod.

146 1065 274 1099 Theod.
299 1065 329 1107 4,
345 1065 380 1106 2,
396 1064 445 1099 6).
471 1082 513 1087 —
540 1065 574 1104 2)
602 1063 767 1097 Consules
797 1065 883 1094 sunt
915 1066 1003 1095 anni
1025 1063 1114 1104 227‚·
1146 1067 1298 1106 apparet
1320 1064 1463 1097 titulum
1484 1066 1701 1107 primarium
1723 1065 1851 1098 substi-

143 1125 259 1155 tutum
291 1120 401 1161 fuisse
433 1122 472 1152 in
505 1112 620 1152 locum
651 1121 898 1162 inscriptionis
923 1121 1140 1162 antiquioris
1169 1131 1308 1160 erasae,
1341 1121 1484 1153 titulum
1508 1123 1627 1153 autem
1650 1120 1773 1153 lateris
1795 1132 1851 1154 re-

142 1179 265 1211 lictum
290 1188 371 1210 esse.

256 1267 370 1313 1220
415 1264 621 1323 honor[i].¹
667 1269 820 1308 Ammio
852 1269 983 1309 Manio
1015 1268 1206 1309 Caesonio
1240 1268 1486 1324 Nicolmacho
1516 1257 1655 1309 Anicio
1686 1269 1849 1310 Paulino

142 1354 176 1379 v.
209 1352 256 1387 e.‚
288 1350 396 1377 cons.
429 1335 641 1383 ordinario,
671 1334 676 1388 Ι
703 1337 803 1388 pref.
835 1336 925 1376 urbi
956 1336 1035 1376 iud.
1058 1348 1202 1375 sacrar.
1224 1337 1385 1388 cognit.‚
1419 1333 1683 1392 [pr]oconsuli
1709 1336 1716 1389 Ι
1739 1349 1850 1390 prov.

142 1409 254 1447 Asiae
285 1413 324 1445 et
344 1404 589 1455 Hellesponti
619 1403 702 1443 vice
733 1415 842 1443 sacra
873 1404 1073 1452 iudicanti,
1101 1401 1107 1456 Ι
1132 1403 1261 1456 legato
1287 1404 1532 1444 Kartacinis³
1561 1403 1636 1444 suh
1664 1416 1850 1456 procons.

142 1476 273 1515 Africe
305 1473 444 1513 Anicio
471 1469 476 1525 Ι
505 1472 657 1512 Iuliano
688 1478 800 1523 patre
830 1472 941 1519 suo‘,
983 1472 1096 1511 cuius
1134 1471 1380 1523 providentia
1409 1473 1536 1524 adque
1562 1470 1569 1526 Ι
1597 1468 1849 1528 [ci]v[i]litas⁸

144 1549 183 1583 et
202 1541 407 1594 integritas
428 1540 668 1592 reipublicae
690 1540 868 1592 corporis
895 1540 901 1592 Ι
928 1539 1172 1579 corariorum
1192 1540 1339 1580 insulas
1367 1540 1413 1580 ad
1435 1540 1649 1593 pristinum
1677 1537 1855 1594 statums

143 1623 258 1652 suum
297 1608 515 1650 seeundum
554 1608 662 1658 leges
698 1607 924 1658 principum
973 1608 1150 1659 priorum
1189 1607 1194 1660 Ι
1228 1608 1349 1660 impp.
1382 1608 1462 1648 Val.
1502 1607 1665 1660 Septimi
1694 1607 1852 1647 Severi‘

143 1685 182 1719 et
211 1678 260 1718 M.
292 1679 386 1718 Aur.
417 1676 610 1715 Antonini
639 1676 765 1727 Augg.
793 1674 799 1729 Ι
826 1675 1038 1715 restaurari
1077 1675 1204 1727 adque
1239 1676 1421 1715 adornari
1461 1673 1744 1730 pervigilantlia
1781 1688 1852 1716 sua

140 1746 321 1799 providit,
353 1745 393 1784 in
425 1744 521 1783 mira
554 1743 742 1783 memoria
773 1743 899 1794 adque
926 1743 932 1796 Ι
958 1743 1009 1783 in.
1032 1743 1161 1782 omnia
1186 1747 1271 1791 (sic)
1298 1743 1442 1783 iustitia
1465 1756 1536 1783 sua
1556 1755 1701 1796 corpus
1722 1732 1851 1783 coria-

141 1814 291 1854 riorum
318 1812 323 1867 Ι
351 1819 520 1864 patrono
551 1811 671 1863 digno
702 1817 938 1850 statuerunt.

255 1889 367 1935 1221
413 1878 568 1930 Amnii²
597 1890 807 1940 iun(i0ris).
835 1890 840 1941 Ι
881 1890 1020 1929 Anicio
1052 1889 1216 1929 Paulino
1254 1890 1337 1929 iun.
1368 1902 1401 1930 c.
1432 1902 1480 1938 V.‚
1515 1887 1704 1943 [procos.
1738 1889 1851 1930 Asiae

142 1965 181 2000 et
211 1958 471 2010 Hellesponti,
499 1958 505 2008 Ι
531 1958 687 1998 consuli
718 1957 938 2005 ordinario,
969 1958 1092 2009 praes.
1125 1957 1213 1997 urhi
1240 1955 1246 2011 Ι
1271 1957 1356 1997 vice
1385 1958 1497 1999 saera
1526 1957 1728 2006 iudicanti,
1758 1957 1810 1997 ob
1841 1956 1849 2014 Ι

142 2027 327 2067 meritum
368 2026 585 2065 nobilitatis
624 2025 769 2076 eloquii
796 2023 802 2078 Ι
829 2025 998 2065 iustitiae
1032 2031 1111 2076 atq.
1143 2037 1354 2073 censurae,
1394 2022 1549 2079 quilbus
1584 2024 1766 2078 privatim
1804 2037 1850 2066 ac

142 2096 301 2148 publice
328 2095 334 2146 Ι
362 2094 490 2134 clarus
516 2100 584 2142 est,
615 2093 741 2145 petitu
762 2093 899 2144 populi
920 2092 980 2140 R.⁹
1007 2094 1013 2142 Ι
1039 2093 1267 2132 testimonio
1287 2098 1459 2139 senatus,
1489 2091 1634 2132 iudicio
1659 2090 1667 2147 Ι
1692 2091 1755 2133 dd.
1777 2106 1847 2135 nn.

141 2162 439 2215 triumphatoris
477 2163 575 2213 Aug.
603 2160 608 2215 Ι
645 2161 894 2211 Caesarumq.
932 2160 1180 2208 florentium,
1215 2158 1222 2213 Ι
1254 2166 1419 2200 statuam
1455 2160 1670 2200 secundam
1704 2173 1800 2202 auro
1838 2158 1846 2217 Ι

142 2233 394 2285 superfusam
426 2229 545 2269 locari
576 2235 737 2280 sumptu
762 2227 768 2281 Ι
795 2228 955 2280 publico
986 2228 1143 2280 placuit.

256 2297 387 2331 Romae
410 2297 495 2330 olim
521 2295 592 2339 (VI
604 2295 690 2328 4682
707 2296 865 2328 Parisios
889 2295 1103 2327 translatam
1127 2294 1219 2327 vidit
1234 2294 1398 2334 Henzen;
1421 2293 1575 2328 V14683
1595 2295 1636 2326 in
1657 2292 1743 2333 foro
1763 2292 1852 2328 Tm-
1923 2316 1925 2318 -
1965 2264 1968 2276 ζ

142 2357 231 2396 iani,
242 2358 367 2396 postea
386 2354 425 2385 in
442 2353 589 2385 aedibus
602 2353 769 2394 privatis,
787 2351 976 2393 aliquoties
992 2351 1167 2393 descripta
1183 2360 1274 2383 saec.
1290 2348 1361 2383 XV
1374 2351 1409 2382 et
1423 2349 1537 2393 XVI).
1553 2367 1598 2373 —
1616 2347 1728 2382 Rtuli
1737 2351 1852 2392 positi

141 2413 226 2443 sunt
248 2410 378 2442 Anicio
403 2409 554 2442 Paulino
578 2409 717 2441 iuniori
741 2407 879 2440 consuli
903 2407 1090 2439 ordinario
1123 2409 1158 2439 et
1176 2404 1362 2449 praefecto
1394 2406 1478 2438 urbi
1500 2405 1627 2451 astu
1650 2403 1717 2448 (cf.
1739 2415 1851 2448 supra

142 2465 187 2500 Ν.
211 2467 303 2509 698).
337 2484 378 2488 -
414 2468 446 2506 1)
470 2464 603 2497 honorii
635 2463 725 2506 lapis
758 2463 917 2506 (videtur
949 2463 1195 2505 accipiendum
1219 2473 1291 2495 esse
1318 2466 1360 2495 ut
1380 2472 1490 2505 supra
1513 2460 1559 2496 N.
1583 2461 1670 2495 4244
1693 2463 1727 2493 et
1749 2459 1850 2501 infra

141 2521 188 2556 N.
205 2522 305 2561 4245,
329 2531 403 2553 non
422 2531 491 2563 pro
519 2522 711 2561 agnomine
735 2520 916 2563 Honorii).
940 2537 986 2544 —
1011 2521 1043 2562 2)
1070 2519 1130 2552 Sic
1145 2519 1327 2552 Iucundus
1349 2521 1444 2551 recte
1467 2517 1625 2561 (Amnius
1644 2520 1753 2560 pater
1774 2519 1851 2551 eius

143 2578 279 2612 dicitur
304 2587 360 2620 ap.
386 2577 638 2620 Symmachum
662 2587 713 2619 ep.
738 2576 769 2616 4,
786 2578 821 2617 2,
847 2577 988 2610 Anicius
1005 2576 1148 2609 Amnius
1173 2574 1337 2608 Paulinus
1359 2576 1443 2617 ipse,
1471 2573 1506 2607 C.
1525 2573 1716 2617 V14652),·
1738 2571 1850 2606 Anicii

143 2634 315 2676 Smetius,
339 2633 446 2666 aliter
470 2633 546 2665 alii.
572 2651 616 2655 -—
650 2634 684 2672 3)
709 2632 869 2674 Legatus
894 2633 1125 2674 Carthaginis
1147 2642 1220 2664 non
1243 2631 1386 2664 videtur
1409 2630 1557 2671 differre
1581 2641 1603 2662 a
1626 2629 1745 2672 legato
1766 2639 1852 2672 pro·

143 2691 299 2725 consulis
313 2689 464 2730 Africae
479 2689 674 2722 dioeceseos
694 2688 1012 2731 Carthaginiensis.
1029 2707 1071 2712 —
1092 2690 1127 2730 4)
1143 2688 1296 2720 Anicius
1311 2686 1476 2720 Iulianus
1494 2686 1687 2729 proconsul
1701 2683 1851 2725 Africae

142 2747 217 2787 fuit
239 2749 301 2780 sub
318 2747 542 2779 Diocletiano
553 2757 567 2786 ;
588 2744 731 2777 videtur
754 2747 846 2776 enim
871 2756 941 2777 esse
957 2745 1120 2778 Iulianus
1138 2743 1335 2787 proconsul
1349 2741 1499 2783 Africae
1521 2742 1570 2775 ad
1583 2752 1685 2785 quem
1699 2742 1850 2784 rescrip-

143 2808 268 2837 serunt
281 2803 529 2836 Diocletianus
553 2801 778 2843 collegaeque
804 2800 938 2843 (collat.
964 2801 1017 2844 45,
1034 2801 1086 2845 5).
1135 2801 1231 2834 Idem
1254 2798 1329 2839 fuit
1352 2799 1476 2832 consul
1498 2798 1706 2832 ordinarius
1728 2808 1760 2830 a.
1774 2797 1848 2831 322

145 2859 208 2903 (cll
236 2860 343 2893 Seeck
366 2859 499 2902 Symm.
521 2855 639 2901 praef.
661 2869 697 2900 p.
714 2857 838 2900 XCII).
863 2875 907 2881 —
932 2858 965 2898 5)
991 2858 1140 2890 entilitas
1163 2858 1264 2899 lapis.
1287 2875 1332 2880 —
1355 2857 1390 2897 6)
1414 2855 1561 2897 Errare,
1583 2853 1646 2887 sed
1667 2864 1739 2886 non
1763 2863 1850 2895 qua-

145 2916 312 2956 aratorii,
338 2916 510 2958 Septimio
527 2915 657 2948 Severo
674 2913 837 2946 additum
857 2913 996 2946 Valerii
1011 2924 1159 2954 nomem,-
1181 2915 1221 2946 in
1244 2916 1392 2945 mentem
1414 2914 1588 2944 venerunt
1609 2911 1643 2942 ei
1666 2911 1729 2952 qui
1749 2910 1850 2942 iussu

145 2974 307 3015 corporis
331 2974 557 3005 coriarorum
581 2972 668 3004 haec
691 2970 858 3011 dictavit,
888 2969 1053 3003 Valerius
1074 2969 1319 3002 Diocletianus
1345 2971 1381 3001 et
1401 2968 1570 3001 Aurelius
1593 2967 1848 3000 Maoeimianus.
