2054 3262
730 687 1171 789 PRAEFATIO.

214 915 433 957 Guilelmus
461 915 623 955 Henzen
653 922 863 968 postquam
893 929 1074 968 magnam
1112 916 1249 956 aetatis
1276 921 1430 968 partem
1466 916 1508 955 in
1539 914 1811 955 describendis

102 990 142 1024 et
168 982 424 1024 recensendis
462 983 790 1036 inscriptionibus
827 985 1000 1037 antiquis
1028 984 1139 1024 urbis
1167 983 1316 1023 Romae
1346 983 1614 1035 consumpsit,
1649 982 1810 1022 tandem

101 1051 311 1104 aliquando
341 1050 518 1091 absoluta
547 1052 622 1091 hac
652 1065 771 1104 opera
800 1052 968 1093 saeculis
987 1053 1197 1106 profutura
1228 1058 1268 1091 et
1288 1051 1403 1092 editis
1422 1051 1611 1103 Corporis
1639 1049 1810 1102 inscrip-

101 1119 255 1159 tionum
274 1118 503 1159 Latinarum
534 1118 646 1160 urhis
666 1120 814 1160 Romae
835 1121 1014 1173 partibus
1042 1119 1196 1160 duabus
1225 1121 1276 1171 (a.
1300 1119 1424 1161 1876.
1448 1119 1589 1170 1882),
1619 1117 1668 1158 ad
1697 1117 1810 1157 aliam

101 1198 188 1227 rem
216 1199 259 1227 se
289 1187 504 1236 convertit,
543 1194 583 1227 et
611 1188 736 1240 ipsam
767 1201 848 1228 non
882 1189 1058 1240 exiguae,
1087 1194 1133 1227 ut
1160 1187 1368 1240 sperabat,
1408 1187 1588 1227 utilitatis
1617 1186 1811 1226 futuram:

101 1255 279 1307 syllogen
309 1254 615 1307 inscriptionum
643 1256 892 1305 selectarum,
922 1268 1040 1307 quam
1070 1262 1163 1295 ante
1193 1255 1339 1295 multos
1367 1267 1496 1295 annos
1525 1254 1555 1294 1.
1577 1253 1620 1294 C.
1642 1252 1813 1293 Orellius

102 1322 259 1363 duobus
294 1322 562 1363 voluminibus
608 1323 783 1363 ediderat
819 1330 859 1363 et
904 1324 969 1363 cui
1006 1324 1091 1376 ipse
1129 1323 1343 1363 Henzenus
1379 1322 1613 1363 adulescens
1650 1320 1812 1360 tertium

103 1389 286 1430 volumen
306 1390 520 1439 addiderat,
550 1403 571 1430 a
601 1392 871 1432 fundamentis
892 1392 1098 1432 constituit
1117 1391 1295 1431 reficere.
1344 1389 1510 1430 Videbat
1529 1389 1649 1437 enim,
1680 1399 1813 1439 neque

104 1457 230 1510 ipsam
244 1457 421 1510 syllogen
432 1458 670 1498 Orellianam
682 1459 977 1500 Henzenianam
997 1459 1166 1511 amplius
1180 1459 1375 1506 sufficere,
1390 1458 1525 1498 multis
1540 1455 1813 1508 inscriptioni-

102 1523 179 1565 bus
207 1525 366 1578 plenius
394 1525 454 1564 vel
481 1526 630 1566 rectius
658 1526 782 1575 lectis,
819 1527 953 1567 multis
982 1527 1100 1566 etiam
1131 1526 1243 1566 novis
1271 1524 1601 1578 inscriptionibus
1630 1522 1812 1575 repertis,

103 1605 233 1644 neque
266 1593 344 1632 iam
373 1593 629 1633 suffecturam
667 1606 753 1633 esse
783 1600 949 1646 propter
985 1594 1142 1633 easdem
1180 1605 1318 1633 causas
1347 1593 1526 1645 syllogen
1566 1603 1653 1630 eam
1693 1601 1812 1641 quam

102 1672 212 1701 anno
244 1661 353 1703 1873
384 1660 578 1700 Gustavus
607 1660 828 1701 Wilmanns
858 1661 1054 1708 ediderat,
1092 1660 1258 1701 similem
1288 1672 1374 1699 eam
1405 1659 1629 1699 Orellianae
1658 1657 1814 1697 Henze-

104 1727 260 1777 nianae,
289 1729 358 1768 sed
388 1728 589 1780 aliquanto
619 1728 786 1768 minoris
806 1729 968 1776 moduli,
998 1728 1147 1780 quippe
1168 1739 1270 1780 quae
1290 1727 1340 1767 ab
1359 1732 1521 1767 auctore
1550 1725 1814 1766 adulescenti-

102 1794 180 1835 bus
209 1795 456 1848 potissimum
486 1796 677 1836 destinata
716 1802 821 1836 esset
858 1796 926 1847 qui
961 1796 1100 1836 studiis
1137 1794 1383 1847 antiquitatis
1418 1806 1581 1846 operam
1619 1794 1713 1834 dare
1749 1793 1813 1832 in-

105 1862 299 1915 ciperent.
348 1863 399 1903 Et
426 1864 512 1904 vivo
542 1864 700 1916 quidem
721 1863 996 1912 Wilmannsio,
1027 1863 1257 1903 flenzenum
1278 1869 1375 1915 puto
1397 1863 1433 1902 ei
1460 1868 1662 1902 auctorem
1692 1861 1813 1901 fuisse

104 1930 296 1980 futurum,
328 1937 371 1970 ut
399 1932 483 1984 ipse
514 1944 562 1972 ex
590 1932 747 1984 integro
777 1932 953 1984 syllogen
974 1931 1166 1971 conderet
1195 1942 1295 1982 quae
1318 1930 1450 1970 locum
1468 1929 1625 1970 illarum
1645 1930 1813 1969 duarum

105 1997 299 2050 impleret,
320 2010 451 2052 neque
466 1999 769 2039 Wilmannsium
784 1999 820 2038 ei
841 1999 1007 2039 consilio
1027 1999 1277 2046 defuturum3
1297 1998 1365 2038 sed
1386 2010 1478 2037 cum
1493 1997 1811 2044 Wilmannsium‚

106 2071 197 2118 post
225 2066 304 2105 duo
335 2066 477 2106 itinera
507 2067 713 2115 Africana,
753 2079 855 2118 quae
885 2066 1071 2119 Corporis
1100 2066 1405 2118 inscriptionum
1435 2065 1666 2105 Latinarum
1695 2076 1811 2104 causa

105 2140 346 2186 susceperat,
381 2134 422 2173 in
453 2134 539 2186 ipso
559 2135 655 2174 flore
675 2135 812 2174 aetatis
832 2147 918 2174 sors
938 2134 1074 2186 iniqua
1094 2132 1342 2186 abripuisset,
1372 2133 1585 2173 Henzenus
1604 2133 1707 2172 hanc
1726 2144 1811 2172 rem

106 2201 155 2240 ad
188 2213 233 2242 se
270 2206 449 2254 spectare
487 2201 699 2242 arbitratus
737 2208 809 2243 est.
876 2201 1014 2254 Coepit
1051 2201 1173 2254 igitur
1201 2200 1435 2248 Henzenus,
1474 2212 1598 2239 novae
1638 2199 1810 2252 syllogae

108 2268 339 2309 condendae
369 2281 499 2317 causa,
530 2268 809 2320 inscriptiones
839 2282 885 2309 ex
907 2269 1094 2322 Corporis
1114 2268 1420 2321 inscriptionum
1440 2267 1670 2307 Latinarum
1699 2266 1808 2307 volu·

108 2335 283 2377 minibus
311 2342 391 2376 tam
421 2336 536 2376 editis
559 2348 676 2387 quam
698 2336 861 2376 editioni
883 2338 1029 2388 paratis
1049 2335 1271 2376 exscribere
1291 2341 1331 2374 et
1350 2335 1391 2374 in
1412 2334 1619 2375 schedulas
1638 2334 1808 2382 referre;

55 2434 57 2441 ,
107 2403 179 2443 sed
191 2410 408 2456 antequam
418 2403 526 2443 hunc
537 2403 776 2455 excerpendi
792 2404 966 2443 laborem
978 2403 1196 2444 absolveret
1205 2410 1245 2443 et
1259 2402 1308 2442 ad
1319 2401 1551 2455 digerendas
1561 2403 1632 2443 has
1646 2401 1811 2442 schedas

103 2471 148 2510 et
166 2471 413 2511 adnotandas
436 2471 654 2518 accederet,
685 2470 769 2523 ipse
790 2482 949 2522 quoque
979 2477 1106 2510 morte
1135 2470 1323 2524 abreptus
1351 2477 1411 2510 est
1440 2470 1478 2510 d.
1499 2471 1554 2511 27
1574 2469 1663 2509 Jan.
1686 2469 1809 2511 1887.

105 2561 162 2568 —
190 2538 289 2579 Cum
330 2544 589 2591 quaereretur
628 2537 695 2590 qui
736 2550 837 2590 opus
875 2537 924 2577 ab
955 2538 1143 2578 Henzeno
1184 2538 1413 2578 inchoatum
1442 2538 1672 2590 perficeret,
1710 2548 1810 2576 con-

105 2617 226 2646 sensu
257 2606 473 2646 amicorum
504 2618 595 2646 cum
626 2604 770 2657 quibus
804 2606 913 2646 vivus
943 2605 1155 2646 Henzenus
1193 2606 1355 2646 consilia
1386 2605 1682 2645 communicare
1711 2616 1810 2644 con-

72 2674 74 2676 *
124 2678 305 2722 neverat,
343 2685 583 2725 eorumque,
623 2672 768 2724 quibus
801 2673 977 2713 moriens
1005 2685 1069 2714 res
1098 2685 1189 2714 suas
1218 2673 1451 2725 reliquerat,
1488 2684 1562 2724 ego
1591 2672 1696 2711 hanc
1725 2683 1809 2710 rem

110 2740 273 2792 swoepi.
346 2740 397 2780 Et
441 2753 535 2780 usus
572 2740 730 2792 quidem
770 2753 856 2781 sum
896 2741 936 2780 in
976 2753 1022 2780 ea
1060 2753 1103 2781 re
1141 2741 1295 2781 schedis
1330 2740 1529 2788 Henzeni,
1565 2739 1636 2779 sed
1674 2739 1726 2778 ita
1766 2743 1811 2777 ut

48 2827 51 2830 ·
92 2806 288 2860 „effrem
318 2807 380 2847 vel
408 2807 606 2847 demerem
645 2819 747 2859 quae
776 2808 871 2848 mihi
901 2807 1077 2848 addenda
1115 2808 1355 2848 demendave
1392 2806 1647 2853 videbantur,
1686 2804 1811 2845 adno-

79 2863 253 2941 geavbaa
246 2887 294 2914 m
328 2881 458 2915 autem
489 2887 649 2915 omnem
680 2875 728 2914 de
757 2887 845 2915 meo
876 2875 1102 2922 adiicerem,
1144 2875 1325 2915 ordinem
1362 2874 1533 2925 denique
1564 2873 1809 2913 instituerem

10 2959 26 3010 ξ·
72 2958 103 3168 Ἄ
261 2942 297 2982 1i
337 2955 358 2981 e
398 2954 441 2982 re
478 2954 564 2983 esse
601 2941 816 2982 videbatur.
884 2942 980 2983 Cum
1018 2948 1147 2983 autem
1185 2942 1466 2994 inscriptiones
1504 2939 1689 2980 collectas
1728 2951 1809 2979 non
